3034 4967
234 256 272 314 62
595 196 649 313 Di}
670 248 933 315 ORATORIBUS

229 416 384 481 insumere
398 426 486 503 optat
502 414 589 497 (inde
603 415 686 478 enim
700 416 800 479 omnis
811 415 906 481 {luxit
919 416 1032 494 oratio)
1045 418 1186 503 nequed'
1233 420 1290 484 ita-

229 514 292 565 tem
307 500 403 565 ullam
417 499 596 565 auctoribus
615 500 679 564 iuis
700 500 873 579 conciliant,
895 524 997 589 neque
1010 502 1161 567 utilitates
1179 526 1200 567 a
1212 518 1287 569 unt:

230 585 422 672 voluptatem
441 599 546 650 autem
565 584 702 664 brevem,
724 585 850 649 laudem
870 587 995 653 inanem
1013 604 1047 652 et
1063 587 1289 653 infructuosam

229 682 471 757 oonsequuntur.
515 669 606 735 Licet
619 671 687 736 haeo
701 670 777 757 ipsa,
792 685 827 735 et
839 694 913 757 quoe
924 672 1038 737 deinde
1051 670 1193 738 daturus
1205 695 1287 751 aum,

228 766 408 834 auretium,
426 758 579 832 Materne,
596 770 753 843 respuant,
768 755 821 819 cui
841 756 925 821 bono
937 771 995 835 eat,
1010 758 1036 821 ai
1052 759 1139 845 apud
1152 772 1185 823 te
1199 761 1289 845 Aga·

228 862 374 905 memnon
387 850 443 905 aut
459 842 551 905 lason
563 840 676 906 diserte
690 840 830 927 lo'quitur
841 846 855 904 ?
876 843 949 929 quis
962 844 1033 907 ideo
1043 843 1173 908 domum
1181 844 1288 907 deien-

228 946 282 989 aus
296 938 329 989 et
342 926 400 990 tibi
413 926 477 991 obli
518 942 570 990 tus
583 926 688 990 redit?
711 926 790 1004 Quis
805 927 944 992 Saleium
957 940 1111 1008 nostrum,
1124 929 1287 1016 egregium

227 1023 363 1096 poetam,
374 1010 433 1089 vel,
447 1011 473 1075 si
487 1046 488 1049 ¹
509 1034 546 1075 oc
559 1011 811 1075 honorificentius
820 1025 878 1089 est,
889 1014 1158 1100 praeclarissimum
1172 1028 1285 1092 vatem,

225 1094 365 1173 deducit,
380 1107 436 1160 aut
450 1095 573 1174 salutat,
588 1108 644 1161 aut
653 1096 876 1183 prosequitur?
898 1100 1031 1186 Nempe,
1043 1100 1069 1163 ei
1079 1098 1198 1163 amicus
1207 1102 1286 1186 ejuS,

225 1179 253 1243 ai
267 1181 472 1269 propinquus,
488 1182 513 1245 si
527 1181 662 1269 denique
682 1181 749 1267 ipse
769 1180 803 1245 in
817 1183 944 1269 aliquod
959 1185 1120 1271 negotium
1133 1184 1286 1264 inciderit,

225 1264 367 1330 adhunc
382 1266 561 1331 Secundum
573 1280 724 1344 recurret,
740 1289 802 1330 non
816 1267 858 1331 ad
875 1282 921 1347 te,
937 1271 1091 1347 Materne,
1105 1269 1181 1356 quia
1193 1283 1287 1355 poeta
1323 1340 1328 1347 ⁵

225 1371 269 1428 ea,
285 1372 387 1437 neque
405 1364 443 1414 ut
463 1372 522 1437 pro
542 1373 580 1415 eo
594 1372 701 1415 versus
719 1352 832 1416 facias:
856 1353 889 1416 bi
907 1354 1001 1418 etiam
1016 1356 1114 1419 Basso
1126 1354 1212 1419 domi
1232 1376 1287 1419 na·

224 1446 367 1515 suuntur,
375 1435 499 1523 pulchri
507 1435 634 1522 quidem
643 1450 674 1500 et
682 1436 835 1523 jucundi3
853 1460 989 1524 quorum
1004 1452 1108 1503 tamen
1122 1440 1173 1504 bic
1182 1437 1286 1503 exitus

223 1532 283 1597 eet,
298 1533 347 1599 ut,
362 1542 434 1584 oum
448 1532 515 1585 toto
527 1542 620 1600 anno,
635 1544 693 1607 per
703 1544 812 1585 omnes
822 1523 897 1601 dies,
911 1544 1025 1609 magna
1034 1525 1173 1589 noctium
1187 1539 1287 1610 parte,

224 1624 326 1669 unum
346 1606 462 1671 librum
475 1605 600 1670 extudit
619 1619 653 1671 et
664 1605 871 1685 elucubravit,
885 1630 996 1694 rogere
1010 1608 1095 1673 ultro
1114 1622 1147 1672 et
1167 1609 1286 1672 ambire

224 1700 366 1777 erogatur,
380 1703 418 1755 ut
431 1691 504 1769 sint,
519 1690 575 1778 qui
589 1691 758 1777 dignentur
771 1692 899 1757 audire:
922 1705 955 1756 et
968 1714 1009 1757 ne
1025 1693 1059 1757 id
1074 1693 1203 1779 quidem
1216 1716 1287 1781 gra-

224 1775 285 1839 tis:
304 1796 376 1840 nam
389 1790 421 1840 et
435 1776 565 1841 domum
578 1788 751 1854 mutuatur,
765 1790 800 1841 et
812 1777 1004 1843 auditorium
1012 1778 1158 1857 exstruit,
1167 1792 1200 1842 et
1213 1780 1287 1843 aub-

222 1858 310 1925 eellia
324 1860 479 1940 oondueit,
495 1875 527 1926 et
535 1861 657 1925 libellos
669 1861 838 1949 dispergit:
861 1878 904 1943 et,
919 1874 956 1927 ut
970 1863 1166 1928 beatissimus
1179 1863 1286 1927 recita-
1392 1861 1399 1869 ’

223 1944 338 2010 tionem
354 1946 424 2033 ejus
445 1960 573 2011 eventus
611 1960 806 2033 rosequatur,
820 1949 921 2012 omnis
940 1946 994 2013 illa
1007 1949 1076 2013 laus
1088 1949 1171 2012 intra
1185 1969 1285 2012 unum

222 2042 279 2094 aut
289 2030 425 2097 alterum
437 2030 532 2110 diem,
548 2054 568 2094 v
599 2041 634 2094 ut
651 2031 683 2093 in
705 2032 803 2095 herba
817 2033 867 2096 vel
885 2032 963 2095 dore
978 2048 1146 2119 praecepta,
1160 2033 1203 2097 ad
1215 2032 1287 2096 nul-

219 2114 287 2179 lam
308 2131 424 2182 certam
438 2131 469 2181 et
491 2116 619 2181 solidam
640 2114 782 2201 pervenit
802 2115 946 2201 frugem:
969 2138 1027 2179 nec
1045 2130 1101 2180 aut
1118 2117 1287 2181 amicitiam

222 2198 296 2265 inde
304 2203 409 2279 refert,
421 2198 669 2278 autelientelam,
677 2212 734 2264 aut
744 2220 928 2280 manaruum
939 2200 974 2263 in
983 2201 1088 2264 animo
1097 2201 1175 2287 cuju
1212 2224 1286 2265 uam

219 2285 418 2365 beneficium,
434 2286 488 2351 sed
498 2286 663 2350 clamorem
671 2306 800 2371 vagum,
812 2297 845 2349 et
859 2306 949 2350 voces
961 2283 1078 2363 inanes,
1089 2298 1121 2349 et
1132 2225 1287 2373 gaddium

222 2370 359 2439 volume.
404 2370 619 2437 Laudavimus
640 2390 751 2457 nuper,
767 2383 805 2434 ut
824 2369 936 2434 nriram
948 2383 982 2435 et
995 2370 1150 2448 eximiam,
1166 2372 1287 2458 Vespa·

224 2456 300 2522 siani
319 2456 545 2533 liberalitatem,
567 2454 654 2540 quod
672 2455 846 2602 ‹puingenta
867 2455 1005 2521 sestertia
1019 2458 1117 2520 Basso
1131 2455 1287 2522 donasset.

222 2541 399 2607 Pulbhrum
412 2542 447 2605 id
457 2540 597 2638 quiden,
608 2539 685 2638 indu
697 2541 832 2637 gentiam
843 2540 998 2639 Principia
1012 2541 1138 2639 ingenio
1152 2543 1263 2606 mereri
1275 2566 1283 2605 ε

223 2639 343 2714 quanto
357 2640 461 2692 tamen
476 2623 647 2711 pulohnus,
663 2648 688 2689 sr
702 2639 746 2689 ita
759 2648 809 2690 res
822 2625 982 2690 familians
1003 2638 1119 2713 exigat,
1135 2650 1166 2691 ae
1182 2627 1285 2713 ipsum

258 2863 378 2911 utilitates
392 2860 474 2925 alimt]
494 2860 577 2909 Barth·
594 2861 697 2909 munau
714 2875 738 2908 re
802 2862 841 2909 Hi
856 2864 919 2909 raim
935 2863 1023 2925 Boreo]
1047 2860 1125 2909 Nimia
1141 2862 1239 2924 abrupte
1255 2861 1287 2909 ad

220 2928 297 2975 aluid.
768 2925 872 2973 Bassum
888 2925 971 2973 traneit
987 2925 1061 2987 Aper.
1094 2924 1161 2987 Lego
1175 2925 1202 2970 Ιιὶ
1214 2926 1286 2972 etiam

250 2992 304 3040 'Cui
315 2991 371 3038 bono
380 2987 420 3043 eit,
430 2990 523 3053 stupea
530 2990 565 3053 te]
574 2988 674 3052 Optime
680 3004 738 3051 quo·
769 2992 855 3046 Burro,
863 2998 891 3037 ut
900 2989 983 3037 uitem
991 2988 1062 3049 hujus
1072 2988 1123 3035 lana
1133 2988 1221 3050 poetioe
1231 3003 1287 3040 eum

238 3070 268 3103 ue
279 3054 344 3103 liber.
375 3054 464 3114 Antea,
476 3056 555 3102 erebro
561 3062 596 3101 eat
606 3053 697 3115 alapam
708 3060 739 3101 la.
770 3054 839 3102 laude
847 3051 951 3101 Materni
957 3054 1077 3113 jungebar.
1110 3051 1207 3098 riman
1217 3052 1287 3115 plane

260 3133 298 3169 rs.
332 3118 417 3167 Siced
428 3128 553 3184 pneteeq.
564 3117 594 3167 ed
608 3116 685 3166 Rhen.
697 3118 739 3180 qui
766 3120 949 3165 abeonamerat.
976 3114 1286 3166 Ceterumlurumlaborare

222 3183 285 3231 dedit
295 3184 346 3231 etri.
770 3181 903 3230 oonremet
914 3180 995 3229 sentio.

255 3250 284 3296 st
296 3250 386 3294 amiam
402 3248 465 3311 pur]
483 3249 545 3310 Ejm
560 3244 671 3309 ellipsin
686 3252 736 3303 est3
804 3245 915 3306 Ertadifl
939 3245 978 3293 Sic
994 3245 1062 3307 Virg.
1082 3245 1209 3293 eatuadore
1223 3249 1289 3291 ares

216 3311 286 3376 prius
297 3314 383 3361 aberat.
771 3310 857 3372 θοοῖς.
872 3310 895 3369 l,
908 3310 962 3357 133.
972 3309 996 3364 t,
1006 3310 1065 3357 31⁵.
1096 3309 1153 3356 Non
1164 3323 1218 3371 ergo
1227 3322 1288 3371 o1ue

253 3371 737 3434 Artanesmaaamrecarra]1²uto,
770 3372 908 3422 Burmanni
915 3374 1018 3421 evadit.
1045 3371 1198 3421 Iueddvott.
1206 3382 1285 3420 eatae-

220 3442 337 3487 deearret.
361 3438 739 3500 Justinus16,3.iteratoadora·
771 3440 834 3486 tulit.
868 3435 963 3499 Lipaiua
974 3436 1079 3485 mrrexit.

215 3506 303 3553 ‘aalma
313 3505 450 3551 maumam.
482 3504 516 3552 Et
526 3519 546 3551 c.
563 3505 585 3551 l.
602 3504 644 3550 Ad
656 3503 738 3551 Clear-
802 3504 900 3561 Rogare
909 3501 973 3547 altro
982 3501 1019 3564 et]
1034 3499 1127 3549 Viderit
1138 3498 1200 3549 Plio.
1213 3514 1249 3563 ep.
1263 3501 1285 3558 l,

214 3570 300 3627 atam,
312 3583 379 3629 qiam
387 3570 432 3629 ipsi
443 3570 469 3616 ia
478 3570 576 3617 calliam
586 3573 692 3629 egerant,
699 3568 738 3615 de-
771 3565 812 3613 13.
823 3567 848 3626 2,
862 3566 900 3613 lt.

213 3641 329 3681 euram
363 3634 455 3681 Gnou.
802 3630 1082 3694 Audenameasmtt]
1095 3627 1285 3690 Sirjamed.pa

252 3700 315 3746 Nea
332 3699 389 3758 qaia
403 3705 473 3759 poeta
483 3699 519 3761 er]
538 3696 586 3745 Hic
600 3702 739 3760 quoqueoet
771 3693 802 3741 In
817 3709 882 3757 seqq.
898 3702 952 3741 ante
967 3693 1046 3741 Rben.
1062 3694 1181 3756 irrepserat
1195 3692 1288 3755 abacto·

218 3762 371 3820 ¹e’uiodnou‘rov,
395 3762 461 3825 requi
484 3762 547 3809 enim
568 3760 665 3809 debebat
687 3758 739 3806 hae
769 3761 845 3817 dam,
857 3765 884 3805 ut
894 3757 952 3807 etin
962 3756 1036 3806 eti-J.
1047 3758 1076 3806 F.
1086 3759 1160 3807 Gron.
1187 3756 1259 3805 Eu.

221 3825 350 3882 sententia3
367 3828 406 3873 red
420 3833 448 3874 at
459 3842 507 3889 pro
520 3840 547 3873 eo
562 3825 632 3871 dieat.
665 3823 738 3871 Elui.
803 3821 987 3886 Recemuaem]
1002 3820 1042 3870 Ita
1052 3822 1131 3870 scribe.
1146 3820 1232 3879 Antea,
1247 3833 1287 3867 ne·

214 3890 301 3937 Potior
314 3889 372 3938 mihi
383 3886 434 3939 visa
445 3891 513 3939 lectio
523 3887 655 3945 Puteolani,
666 3902 738 3962 quam
771 3889 915 3934 amimam.
942 3886 1020 3934 Lina.
1045 3887 1191 3933 &aarum
1202 3884 1238 3933 ed,
1249 3898 1285 3947 pr.

221 3953 358 4012 Beroaldus,
367 3955 421 4002 Alc.
433 3955 510 4004 Rhea.
522 3960 645 4009 servaram,
656 3952 739 4013 digna·
769 3951 856 3999 omma
865 3950 913 3999 teil.
924 3949 1010 3998 lirreola
1018 3950 1145 3999 meandri
1155 3948 1237 3998 indiae.

219 4031 268 4081 que
278 4031 351 4080 quem
365 4018 514 4067 rmtituerern
545 4016 631 4079 Aptior
641 4014 674 4063 sie
684 4030 739 4063 sane
803 4015 938 4078 erma]
961 4014 1001 4063 Sic
1015 4016 1074 4063 bene
1088 4012 1189 4075 lipsius.
1213 4011 1288 4059 Prius

218 4079 418 4129 emtionisnexue.
444 4084 539 4147 Lipsius
549 4080 670 4129 reduxerat
678 4079 738 4127 enti-
768 4080 891 4143 legebatiu
906 4086 1027 4141 percepta.
1069 4077 1173 4126 Sebeliua
1194 4075 1286 4123 volebat

217 4160 295 4210 piram
300 4144 356 4192 edit.
366 4160 402 4207 pr.
410 4146 533 4209 Spirensis,
544 4160 597 4210 que
608 4144 640 4193 rie
651 4144 735 4192 habete
765 4151 906 4207 proererpta.
933 4142 979 4191 Sed
982 4150 1101 4205 praepa
1111 4148 1166 4190 sunt
1175 4147 1229 4188 ante
1240 4138 1287 4203 (le-

219 4217 264 4257 uat
279 4210 310 4257 ad
326 4216 354 4264 te,
373 4212 493 4271 Materna,
511 4226 558 4259 non
574 4210 640 4272 quia,
655 4216 699 4257 eto·
712 4207 737 4257 in
770 4206 989 4272 elinantimloeptt

221 4289 268 4337 qua
278 4288 359 4323 venun
370 4282 404 4323 est
414 4274 563 4327 imitantia.
