3034 4967
510 239 734 300 DIALOGUS.
757 239 847 298 cnP.
868 241 916 298 tn.
1202 248 1239 306 a,

189 425 272 481 mus,
286 402 448 489 inquibus
457 379 604 488 janr‘lere
618 402 761 488 plurimae
774 426 892 468 canssoe
905 402 1123 553 explicantur?
1144 407 1237 484 Nam,

190 487 349 575 quomodo
363 487 480 554 nobiles
494 512 590 574 equos
603 511 712 555 cursus
726 503 757 554 et
771 489 871 574 spatia
892 510 949 574 pro
969 500 1046 563 'ant;
1066 490 1112 554 sic
1125 491 1240 559 eat'ali·

213 574 262 638 nis
275 587 431 640 oratorum
446 597 585 660 campus,
601 597 760 660 perquem
775 574 832 641 nisi
846 573 934 640 liberi
945 586 976 638 et
987 574 1079 639 soluti
1087 577 1239 656 serantur,

189 598 368 724 debilitatur
389 683 425 724 ac
448 659 604 745 frangitur
625 658 810 756 eloquentia.
854 660 958 746 Ipsam
972 660 1050 745 quin
1069 659 1165 724 immo
1186 685 1239 728 cu-

188 767 254 808 ram
283 759 315 808 et
339 744 496 842 diligentis
521 744 592 830 styli
617 755 804 811 uarietatem
832 745 1016 810 contrariam
1043 745 1238 833 experimur:

188 829 263 915 quia
288 853 370 916 saepe
396 844 566 916 interrogat
582 829 694 915 judex,
717 830 845 916 quando
870 830 1008 916 incipias,
1030 843 1062 895 et
1085 855 1125 898 ex
1146 831 1240 897 inter-

186 915 346 1000 rogatione
369 915 436 1002 ejus
457 915 666 1002 incipiendum
689 929 743 982 est.
787 917 982 1002 Frequenter
1003 917 1239 1002 probationibus

188 1015 219 1064 et
233 1001 364 1066 testibus
379 1000 533 1066 silentium
548 1001 686 1087 patronis
699 1001 826 1066 indicit:
850 1024 933 1069 uuus
943 1001 1025 1067 inter
1039 1002 1106 1084 brec
1124 1002 1237 1068 dicenti

187 1109 223 1148 ac
244 1085 322 1150 alter
340 1085 470 1164 adsistit,
491 1099 523 1150 et
542 1108 591 1150 res
610 1085 695 1150 velut
715 1085 747 1150 in
768 1086 933 1153 solitudine
953 1087 1067 1172 agitur.
1112 1089 1237 1152 Oratori

186 1183 292 1234 autern
313 1170 444 1236 clamore
465 1169 640 1257 plausuque
661 1195 741 1258 opus
757 1186 813 1250 est,
834 1185 866 1239 et
883 1171 969 1238 velut
990 1173 1127 1258 quodam
1151 1173 1237 1239 thea-

186 1269 254 1330 tro;
278 1255 382 1342 qualia
403 1257 542 1343 quotidie
558 1256 695 1341 antiquis
719 1257 893 1324 oratoribus
910 1259 1145 1344 contingebant,
1165 1281 1238 1322 cum

185 1353 233 1406 tot
255 1343 370 1428 pariter
394 1366 431 1418 ac
453 1355 517 1406 tam
540 1341 658 1408 nobiles
687 1341 792 1408 sorum
820 1355 1020 1421 coarctarent,
1049 1367 1121 1408 cum
1145 1343 1237 1408 clien-

152 1435 153 1440 ’
185 1427 256 1491 telae
277 1451 404 1525 quoque
424 1442 456 1492 et
470 1428 570 1492 tribus
583 1441 614 1492 et
627 1427 868 1514 municipiorum
888 1428 1057 1516 legationes
1076 1453 1113 1494 ac
1132 1444 1237 1516 partes
1330 1415 1335 1438 ‘

187 1512 290 1576 Italiae
303 1513 546 1598 periclitantibus
559 1501 759 1589 adsisterebt3
786 1537 858 1580 cum
881 1514 914 1578 iu
936 1514 1092 1613 plerisque
1110 1514 1237 1602 judiciis

186 1597 325 1662 crederet
339 1598 481 1685 Populus
496 1601 658 1663 Romanus
680 1599 916 1679 sua-interesse,
938 1599 1016 1686 quid
1032 1599 1238 1685 judicaretur.

188 1682 270 1746 Satis
284 1698 413 1762 constat,
430 1685 467 1748 C.
484 1684 662 1748 Cornelium
673 1698 710 1748 et
730 1684 778 1751 M.
801 1685 955 1751 Scaurum
976 1699 1008 1748 et
1023 1686 1065 1749 Τ.
1081 1684 1236 1750 Milonem

185 1778 217 1830 et
233 1769 273 1830 L.
289 1768 425 1832 Bestiam
439 1784 473 1834 et
486 1772 525 1835 P.
539 1769 703 1848 Vatinium
718 1793 869 1837 concursu
886 1770 980 1834 totius
994 1769 1127 1834 civitatis
1137 1783 1168 1835 et
1182 1770 1237 1834 ad-

183 1865 308 1918 comtos
330 1865 362 1916 et
383 1853 545 1927 defensos3
572 1868 609 1918 ut
630 1854 994 1941 frigidissimosquoque
1012 1867 1148 1918 oratores
1169 1853 1180 1916 i
1204 1878 1238 1919 sa

184 1937 333 2002 certantis
345 1937 454 2024 populi
476 1937 578 2002 studia
592 1938 725 2012 excitare
739 1948 772 2000 et
786 1938 948 2035 incendere
961 1939 1127 2024 potuerint.
1174 1878 1238 2003 iia

183 2047 259 2110 qne,
274 2023 410 2100 hercule,
424 2022 578 2109 ejusmodi
590 2021 662 2087 libri
675 2034 810 2100 exstem,
825 2038 861 2088 ut
874 2022 934 2109 ipss
946 2047 1081 2110 quoque,
1096 2024 1152 2110 qui
1166 2047 1236 2110 ege·
1325 2085 1328 2090 .

184 2123 272 2184 runt,
288 2131 351 2170 non
364 2108 429 2173 aliis
443 2110 543 2194 magis
558 2107 750 2172 orationibus
763 2124 954 2175 censeantur.

214 2194 447 2268 XLJamsero
456 2195 615 2258 conciones
623 2192 921 2274 adsiduae,etdatum
924 2195 980 2280 jus
987 2193 1234 2281 potentissimum

182 2303 340 2377 quemque
345 2279 493 2359 -vexandi,
503 2293 597 2366 atque
602 2278 669 2366 ipsa
677 2278 904 2366 inimicitiarum
910 2279 1020 2370 doma,
1029 2280 1115 2362 (cum
1125 2304 1157 2345 se
1166 2279 1237 2367 plu-

182 2365 254 2428 rimi
269 2365 455 2428 disertorum
468 2389 508 2437 ne
522 2389 541 2428 a
551 2367 588 2428 P.
605 2363 731 2450 quidem
750 2363 903 2514 Scipione,
918 2378 973 2452 aut
990 2365 1087 2442 Sulla,
1103 2382 1158 2430 aut
1175 2367 1235 2430 Cn.

183 2449 344 2540 Pompeio,
353 2451 549 2529 abstinerent,
563 2450 643 2516 etad
657 2449 794 2515 incessen
817 2473 851 2514 os
866 2449 1019 2541 principes
1033 2450 1124 2527 viros,
1141 2462 1176 2517 ut
1190 2465 1237 2519 est

183 2667 209 2714 in
225 2667 289 2715 stads
304 2666 430 2725 audimriis,
452 2667 492 2715 aed
505 2669 530 2714 in
550 2668 598 2716 loro
614 2675 690 2714 actas:
723 2669 908 2730 noyepatrcntc.
941 2666 1104 2727 RejieitBrot.
1119 2669 1236 2730 conjectu·

182 2745 239 2778 nam
250 2731 324 2793 primo
334 2739 425 2778 tantum
435 2731 464 2779 de
476 2731 592 2794 judicibus
608 2746 693 2779 sarmo-
724 2745 782 2785 ram,
794 2740 915 2794 putatque,
928 2741 1061 2796 pauonum,
1073 2732 1140 2794 qnasi
1155 2746 1236 2780 mussa

182 2807 237 2842 nem
246 2809 302 2854 esse,
314 2795 356 2858 qui
362 2796 457 2844 leviores
463 2804 486 2843 ct
493 2795 593 2857 privatas
604 2809 693 2842 caumas
725 2795 780 2843 satia
797 2796 896 2857 cognita,
907 2795 1024 2856 judidbus
1038 2810 1084 2843 non
1101 2791 1235 2857 refraganti·

179 2858 318 2920 judicarent,
334 2873 381 2905 non
392 2859 420 2906 dc
435 2859 542 2922 Principe
557 2868 598 2923 aut
611 2858 691 2920 blagi-
723 2860 776 2918 bus,
797 2859 914 2906 alentium
931 2859 1041 2908 indixisse
1062 2860 1234 2921 probationibus

181 2931 265 2982 stratu,
279 2931 321 2970 aut
336 2922 420 2970 caussis
433 2923 591 2986 gravioribusr
609 2922 692 2971 deinde
723 2938 750 2984 ac
761 2923 864 2970 rannus.
896 2923 986 2971 Verum
1003 2931 1082 2970 auctor
1097 2923 1156 2970 mibi
1172 2923 1235 2971 ride·

182 2995 299 3034 auotorem
316 3003 336 3034 c.
356 2989 393 3034 10.
415 2987 527 3036 auditoria
543 2983 602 3034 clare
619 3001 692 3051 oppo-
724 2986 1235 3049 midsgemntostenquunmodoactio-

182 3050 314 3099 snbseforo
330 3062 352 3098 et
368 3051 426 3099 veris
441 3052 539 3100 camsisr
557 3052 623 3100 tertio
639 3051 694 3114 poni
725 3051 898 3112 niscuraporro
905 3052 1058 3098 tnrbarctnra
1064 3050 1149 3110 jndice·
1182 3049 1236 3096 Fie-

183 3114 345 3179 auditoriapro
352 3116 546 3178 quocunque-loco
553 3115 639 3173 clauso,
646 3128 693 3162 non
724 3113 899 3171 brithnodum
913 3113 1058 3176 probationes
1073 3122 1097 3160 et
1112 3121 1180 3160 testes
1195 3112 1236 3159 ad·

182 3179 294 3242 peculiari
300 3187 323 3226 et
331 3179 474 3242 Reipublicae
481 3179 601 3227 destinato.
630 3179 694 3238 Quia
725 3178 779 3226 serti
793 3185 886 3239 peteret,
903 3177 1038 3239 primqnam
1054 3186 1175 3239 pergerent
1193 3191 1235 3238 pa-

182 3243 240 3290 dicit
255 3242 461 3306 auctor-plurimas
476 3259 566 3290 causans
584 3243 608 3290 in
626 3243 692 3294 nudi·
723 3241 792 3290 noni
819 3240 883 3303 Lego
893 3241 971 3303 itaque
978 3242 1094 3301 patronis,
1106 3250 1129 3289 et
1139 3243 1235 3288 verbum

182 3307 247 3356 soriis
265 3308 311 3370 agi,
328 3307 426 3382 'lortmse
447 3307 575 3371 expeditius
593 3308 630 3365 sit,
652 3323 692 3355 ex-
724 3307 796 3354 refero
811 3306 842 3352 ad
851 3307 964 3368 judionis
999 3303 1096 3355 Sdtnlse
1114 3305 1235 3363 oenoentit,
1322 3359 1326 3366 ,

181 3371 293 3432 isdmsre,
306 3371 364 3419 hmo
383 3387 475 3435 quoque
493 3371 596 3434 intelligi,
613 3371 691 3428 serius,
724 3371 765 3419 aad
777 3371 833 3432 legit
839 3377 941 3432 patrato
952 3370 1073 3416 indicitur.

181 3451 257 3498 quam
278 3433 349 3483 videri
375 3437 470 3498 scriptor
490 3436 553 3497 velit,
574 3436 637 3484 buno
662 3436 692 3482 li·
757 3438 792 3482 Et
805 3435 892 3482 munic.
903 3431 1039 3498 Qubus]
1055 3433 1093 3482 Sic
1105 3433 1183 3484 Rhen.
1194 3433 1234 3482 de.

181 3497 262 3560 hrum,
278 3508 303 3546 et
319 3501 418 3548 secundo
434 3501 529 3549 demum
546 3501 623 3548 seculo
638 3499 692 3548 scri-
724 3501 772 3549 lcta
787 3499 870 3562 copus
883 3499 1080 3559 scongerinen
1113 3498 1181 3549 Idem
1197 3515 1235 3546 ns.

141 3595 146 3614 .
175 3563 260 3630 plum.
293 3563 366 3612 Ean.
467 3585 472 3598 ι
724 3567 849 3619 stsurentr
868 3561 989 3626 priuserst
997 3565 1121 3614 nataret

216 3629 251 3675 Et
265 3631 345 3690 ‘spatio
357 3628 467 3690 probunt]
485 3629 540 3676 Non
551 3643 620 3676 nemo
631 3627 693 3690 apud
742 3630 787 3675 ’0.
807 3629 949 3682 Cannam,
964 3627 1019 3688 eto]
1036 3626 1176 3685 Orationmn
1192 3641 1234 3687 pro

181 3693 419 3741 Schunfl.ststndlc.
452 3693 600 3744 Moxrlccrt
608 3693 694 3752 aliquis
726 3691 834 3747 Cornelio
848 3691 920 3742 otM·
932 3691 1018 3741 Scauro
1032 3705 1079 3738 non
1095 3691 1140 3738 nisi
1155 3689 1235 3741 tennes

182 3772 216 3804 or.
226 3758 405 3820 c.estabipsio.
414 3758 460 3806 Ed.
469 3773 504 3820 pr.
512 3759 621 3805 ritaliter.
639 3757 694 3804 Pur.
724 3756 833 3818 reliquias
853 3755 951 3802 servavi
973 3755 1089 3802 Asconius
1112 3753 1236 3804 ruimus.

181 3823 237 3870 Alc.
249 3821 327 3873 Rhen.
337 3825 371 3868 sic
381 3824 443 3870 latur
453 3837 487 3868 or.
498 3838 518 3868 c.
726 3819 1060 3882 OratioproIaAEestinpcriit.
1087 3817 1196 3869 rinnon

189 3927 194 3934 .
215 3887 347 3948 Diligentis
355 3887 411 3946 styli
417 3887 572 3950 altentatem]
580 3886 618 3934 Sic
626 3885 693 3932 oorri-
726 3885 781 3934 facit
791 3883 840 3933 cic.
851 3883 881 3930 sd
892 3883 925 3941 Q.
933 3883 972 3933 Fr.
984 3889 1009 3941 2',
1019 3885 1044 3932 3.

180 3949 260 4009 ganda
272 3961 322 3998 mat
338 3949 405 3997 lectio
420 3950 456 4000 ed.
470 3965 504 4013 pr.
522 3951 631 4011 diligens,
647 3964 694 3996 non
759 3949 930 4011 EtdctumJ'ns
940 3961 1028 4010 qnoqnc
1034 3943 1235 4007 potentissimum]

181 4013 609 4075 &consensionumat‘uteotano
618 4014 691 4062 MSS.
725 4013 821 4071 Malim,
837 4015 928 4074 astque.
956 4013 1047 4063 Geor.
1073 4007 1236 4059 Immodelen.

183 4077 239 4125 Vnt
256 4078 324 4141 plane
335 4080 465 4139 diligentis.
497 4079 554 4128 Post
569 4093 694 4125 unns-nc
725 4074 1038 4140 dumqnoqueanenMSS.
1049 4071 1104 4122 var.
1131 4072 1203 4127 ERN·

181 4141 693 4203 alter.Con-utqnc‚ultcr.Enn.Brotma-
760 4143 804 4190 Cn.
820 4142 934 4204 Pompeio
949 4135 1115 4201 Maureta]
1132 4139 1170 4185 Sic
1180 4139 1236 4187 sori-
1290 4196 1293 4202 Ι

182 4205 211 4253 lit
227 4213 268 4254 aar
286 4209 351 4254 ulter.
392 4205 431 4256 Ita
444 4209 494 4270 jam
510 4202 622 4256 Bec'sed
638 4207 692 4259 Alc·
725 4206 914 4271 psitnhmanus,
923 4211 1047 4265 proretam
1056 4203 1235 4251 carinarum:

183 4269 261 4318 Rben.
273 4281 296 4322 et
305 4287 352 4334 seq.
364 4286 399 4318 cc.
475 4288 480 4300 ·
726 4279 753 4322 at,
769 4271 887 4317 Acidalius
902 4267 1003 4315 malebat
1017 4267 1238 4329 abstineatque

215 4337 335 4384 Parrum
350 4333 446 4398 indicit]
468 4335 577 4384 Morabin
594 4335 618 4382 in
634 4351 692 4384 vers.
724 4335 827 4398 aequiust·
847 4336 986 4387 mrcnturr
1008 4340 1083 4380 secter
1109 4331 1236 4382 cumcun·

182 4399 245 4446 Gall.
256 4401 313 4464 legit
323 4401 527 4466 parronensem,
540 4400 577 4450 De
587 4401 612 4450 la
621 4399 693 4451 Mon·
725 4408 764 4452 tut
775 4398 849 4447 MSS.
859 4397 915 4446 vn.
936 4396 1009 4445 Eun.

1050 4461 1110 4525 112
