3034 4967
390 232 498 296 JULII
521 234 661 297 AGRIG.
681 232 790 294 vtrn.
810 234 897 295 CAP.
911 238 961 303 2³,
974 238 1024 293 nt.
1196 231 1234 295 27

520 400 562 463 A.
580 400 624 463 U.
639 397 714 463 886.
744 398 842 462 A.-C.
857 398 910 463 83.

229 511 371 575 XXIII.
387 513 507 589 Quarta
517 522 608 575 aestas
617 509 804 587 obtinendis,
818 530 890 595 qua
903 518 1111 594 percurrerat,
1127 508 1244 571 instim-

185 611 257 685 ptn:
273 596 355 677 ac,si
369 597 469 661 virtus
479 597 671 661 exercituum
682 606 713 658 et
726 594 860 659 Romani
871 593 1004 657 nominis
1014 592 1114 679 gloria
1125 607 1245 679 patere-

186 698 248 758 tur,
260 682 404 745 inventus
416 682 446 744 in
458 682 527 769 ipsa
539 681 702 744 Britannia
718 680 877 743 terminus.
922 678 1007 742 Nam
1028 678 1122 742 Clota
1134 692 1166 743 et
1181 680 1245 741 Bo-

187 768 296 843 dotria,
312 766 425 830 diversi
436 768 529 829 maris
544 767 670 833 aestibus
683 787 739 851 per
753 766 927 828 inmensum
947 775 1089 840 reiectae,
1112 777 1246 849 angusto

186 866 338 916 terrarum
353 848 453 948 spatio
467 852 672 915 dirimuntur:
695 850 782 935 quod
796 861 866 914 tum
899 848 1030 912 raesidiis
1040 848 1224 911 firmabatur
1234 872 1253 909 εΔ

185 952 280 1022 atque
293 958 394 1000 omnrs
407 937 534 1025 propior
548 936 632 999 sinus
643 934 818 1012 tenebatur,
841 872 992 999 submotis
1005 932 1138 997 velutin
1151 930 1246 997 aliam

189 1021 322 1085 insulam
337 1022 485 1086 hostibus

523 1112 565 1172 Α.
582 1107 623 1171 U.
638 1110 711 1174 837.
742 1108 785 1169 A.
803 1106 840 1170 C.
857 1111 910 1172 84.

234 1218 364 1283 XXIV.
392 1221 510 1297 Quinto
535 1218 769 1305 expeditionum
794 1242 887 1296 anno,
916 1214 997 1282 nave
1020 1217 1123 1315 prima
1148 1226 1249 1279 trans·

188 1303 348 1389 gressus,i
393 1318 460 1367 otas
482 1304 575 1367 adid
596 1318 720 1389 tempus
740 1315 849 1389 gentes
870 1304 986 1368 crebris
1006 1300 1099 1367 simul
1113 1324 1150 1365 ac
1164 1320 1251 1387 pros-

213 1388 272 1451 eris
291 1328 407 1474 proeiiis
431 1388 572 1453 domuit:
596 1412 727 1473 eamque
747 1403 871 1487 partem
888 1388 1071 1465 Britanniae,
1094 1410 1167 1472 quoe
1189 1384 1252 1449 Hi·

189 1412 328 1537 berniam
342 1474 485 1560 adspicit,
507 1498 543 1537 co
566 1475 604 1537 iis
625 1476 784 1552 instruxtt,
807 1473 839 1537 in
917 1497 949 1538 m
970 1473 1081 1561 magis,
1096 1492 1193 1569 quam
1207 1470 1249 1533 ob

189 1558 404 1622 formidinem:
429 1560 454 1622 si
478 1498 605 1645 quiditm
631 1558 795 1638 Hibernia,
819 1582 850 1623 m
894 1560 923 1624 'o
949 1558 1029 1623 inter
1054 1555 1249 1623 Bntanniam

190 1654 285 1729 atque
304 1644 492 1731 Hispaniam
515 1644 582 1724 sita,
606 1658 638 1709 et
663 1643 787 1709 Gallico
811 1666 940 1731 quoque
961 1643 1040 1708 mari
1060 1656 1251 1731 opportuna,
1308 1640 1314 1653 '

190 1792 245 1849 reri,
257 1792 297 1840 sed
306 1808 375 1841 nemo
384 1808 408 1841 se
418 1794 473 1841 satis
483 1794 589 1857 explicat
617 1792 703 1842 Omni-
735 1792 787 1841 edd.
796 1808 832 1855 pr.
842 1795 917 1849 Clota,
925 1802 954 1841 nt
960 1792 1033 1841 MSS.
1038 1793 1095 1841 Vnt
1102 1791 1253 1849 bsbentduo,

190 1871 222 1905 no
228 1856 292 1905 enim
295 1858 347 1919 jam
354 1856 471 1917 redegerat
477 1860 519 1903 sub
526 1858 644 1913 ditionem,
650 1872 704 1905 cum
736 1866 761 1905 et
780 1858 939 1913 Ptolemaiou
962 1858 1026 1921 quod
1045 1856 1128 1919 reeqsi.
1160 1854 1258 1902 Deinde

190 1918 707 1985 perutourretstnedobtiauitestquaeccleri
738 1920 791 1965 edd.
810 1930 865 1966 ante
883 1922 961 1967 Rhen.
980 1935 1061 1967 omnes
1077 1920 1165 1964 diserti
1181 1918 1255 1964 marie

190 1985 294 2048 quodam
305 1984 397 2033 virtutis
412 1998 439 2029 ac
452 1982 551 2029 vicurtae
562 1997 629 2029 cursu
646 1981 707 2028 obie-
740 1983 834 2029 cestibus
840 1996 886 2042 per
894 1984 1031 2027 tmmeasam
1041 1986 1146 2028 reuecta.
1159 1980 1256 2029 Rhenu-

192 2058 236 2108 rst,
248 2050 378 2109 subegerat,
390 2054 520 2107 occuparat,
536 2060 614 2092 eorum
625 2060 709 2093 annun
740 2059 785 2093 nus
796 2045 872 2103 tacite,
884 2044 965 2102 edidit,
976 2048 1001 2092 d.
1010 2062 1042 2092 m.
1052 2052 1122 2092 oertru
1128 2061 1155 2107 p.
1164 2048 1181 2093 i.
1191 2060 1257 2093 reve·

192 2126 264 2163 morte
278 2111 386 2159 continua
402 2110 547 2173 possessione,
563 2109 708 2157 administra-
740 2113 781 2168 cti,
791 2108 855 2173 quod
862 2117 977 2157 mamm
987 2111 1018 2157 ab
1025 2110 1135 2157 omnibus
1142 2110 1257 2174 usqueed

189 2176 263 2235 ,done
280 2174 430 2239 usurpatione
445 2176 485 2235 jus
504 2174 590 2237 Populi
607 2174 708 2221 Romani
740 2174 859 2238 Lipdum,
871 2173 913 2248 qui
926 2180 986 2220 anu
999 2174 1080 2230 edidit,
1091 2174 1176 2221 iterum
1189 2174 1258 2223 tacite

193 2240 316 2297 fundavitz
341 2241 366 2287 in
395 2238 427 2285 eis
455 2237 558 2285 tenendis
586 2238 708 2286 obduravit
740 2254 770 2285 ex
781 2237 817 2285 ed
827 2252 965 2300 nescioquo.
985 2238 1067 2302 Atque
1076 2237 1127 2285 huc
1134 2240 1184 2299 jam
1196 2238 1257 2285 Gro·

194 2304 369 2367 obtinueritque
383 2318 439 2361 sese,
452 2310 522 2365 atquc
536 2301 644 2359 ostendit,
661 2316 707 2349 non
740 2303 823 2351 notius
842 2302 949 2365 explicet
969 2318 1069 2356 scurrus,
1084 2302 1143 2365 quid
1160 2302 1258 2350 Tacitus

195 2382 226 2423 se,
246 2377 273 2415 ut
291 2368 394 2432 predam
413 2375 453 2413 aut
474 2366 595 2429 gloriolam
614 2373 707 2429 peteret,
741 2367 872 2428 scripserit3
889 2381 943 2413 cum
959 2368 1082 2414 verisimile
1094 2367 1132 2418 sit,
1148 2376 1171 2413 et
1186 2374 1259 2414 astus

195 2432 235 2481 κά
250 2448 278 2480 ea
293 2446 449 2495 possessurum
466 2430 561 2488 venisse,
578 2446 605 2478 ae
619 2444 661 2479 nec
676 2447 712 2479 re·
744 2439 768 2479 et
777 2438 836 2478 esta
847 2445 894 2478 csse
905 2430 961 2477 ritis
972 2446 1105 2494 operarum,
1115 2430 1173 2477 illud
1185 2432 1208 2477 in
1220 2431 1257 2478 ed.

195 2496 307 2559 linquere,
325 2510 400 2559 neque
414 2494 471 2556 eripi
488 2495 532 2542 sibi
542 2495 608 2543 vesse.
640 2495 712 2553 Quod
744 2495 822 2542 Rhen.
833 2495 878 2541 boc
888 2494 913 2540 in
924 2510 960 2552 en,
972 2495 1034 2543 unde
1044 2502 1122 2542 textus
1133 2494 1260 2555 lipsianus

197 2560 255 2624 quiu
268 2569 291 2607 et
302 2560 414 2622 presidiis
428 2559 570 2621 castellisque
585 2558 712 2615 firmandis,
744 2559 820 2607 fluxit·
856 2558 921 2605 Nam
931 2560 956 2605 in
966 2562 1057 2607 artibus
1067 2558 1127 2605 nihil
1137 2569 1180 2617 est,
1196 2557 1259 2621 quod

196 2635 223 2673 ut
234 2624 378 2687 Berneggero
389 2624 470 2685 placet,
488 2631 621 2683 consecutus
632 2624 709 2685 fuerit,
744 2622 795 2670 vitii
804 2623 958 2686 suspicionun
969 2624 1059 2671 habat.
1087 2624 1186 2671 Reverti
1194 2623 1259 2671 vide·

195 2689 254 2737 mihi
261 2690 359 2737 dubium
367 2702 411 2735 non
420 2696 459 2734 est.
481 2687 580 2735 ldemri
588 2692 711 2750 percurrit
743 2696 782 2734 tur
795 2686 891 2735 edidisse
907 2688 1043 2747 Rhenanus,
1060 2686 1125 2751 quod
1143 2688 1221 2735 curta
1236 2694 1260 2735 et

197 2752 424 2815 explicetcontiuuit,
441 2750 504 2799 haud
516 2752 592 2809 male3
609 2751 710 2799 sedvul.
743 2753 867 2807 Bodotria,
886 2751 1012 2800 fluminum
1030 2751 1133 2811 nomina,
1151 2752 1259 2799 masculi-
1351 2741 1355 2750 ’

227 2824 251 2863 ta
268 2816 330 2865 verbi
350 2815 522 2879 significatione,
544 2830 590 2861 non
610 2830 645 2874 ea,
665 2832 712 2878 qua
744 2830 803 2863 num
823 2831 897 2877 gersus
917 2815 1043 2864 desiderare
1064 2825 1171 2879 putaret;
1190 2816 1257 2880 quasi

222 2879 295 2927 scitus
305 2880 386 2937 utitur,
399 2894 452 2927 cum
464 2882 489 2925 rt
496 2894 637 2941 percurrere
649 2880 713 2929 aliud
744 2895 801 2939 non,
810 2895 852 2943 per
860 2882 1051 2934 terminationem,
1059 2880 1164 2928 feminini
1172 2882 1262 2943 generis

199 2944 450 3003 iacit,nliudobttuere.
470 2943 535 2991 Huic
542 2944 604 2990 enim
612 2944 713 2993 obtinere
746 2960 794 2992 esse
812 2944 910 3006 possint,
931 2954 1001 3007 etque
1022 2945 1079 2993 adeo
1100 2946 1192 3007 proprie
1211 2959 1262 2991 esse

151 3035 157 3041 ι
200 3018 234 3056 est
248 3022 391 3073 perseverare
406 3008 431 3054 in
447 3008 556 3064 tenendo,
572 3008 634 3071 quod
652 3009 716 3057 Galli
748 3008 855 3067 debeant,
866 3008 978 3066 utAllin,
989 3009 1088 3064 Albula,
1104 3008 1212 3055 Mosella.
1230 3008 1263 3054 V.

200 3071 280 3121 dicunt
290 3074 435 3127 maurenta-
453 3072 579 3134 providere‚
588 3088 617 3119 ne
624 3088 672 3135 qua
682 3074 716 3123 ris
748 3073 816 3120 Voss.
826 3072 855 3118 de
865 3072 968 3133 Analog.
980 3075 1002 3128 l,
1016 3074 1053 3120 lo.
1070 3072 1154 3133 Itaque
1162 3081 1260 3119 veterem

199 3137 363 3199 pouessionem
374 3138 534 3198 interrumpet,
544 3144 573 3188 et,
583 3135 657 3199 siqua
665 3146 715 3185 ten-
747 3137 877 3192 lectionem,
895 3151 948 3197 qute
958 3136 1021 3183 haud
1032 3135 1102 3182 dubie
1112 3151 1125 3182 e
1137 3135 1191 3182 MS.
1201 3135 1264 3185 libro

199 3209 268 3261 tetur,
286 3216 338 3249 eam
351 3198 439 3247 fortiter
450 3199 589 3261 feliciterque
600 3202 714 3262 repellere.
747 3200 824 3254 fluxit,
839 3199 930 3258 reduxi,
947 3200 996 3248 sine
1009 3199 1081 3247 dubio
1094 3200 1261 3262 preferendam

199 3264 262 3313 Vide
278 3276 332 3328 quoe
347 3272 453 3311 notamus
471 3262 501 3310 ed
519 3263 615 3311 Livium
630 3266 655 3322 3,
672 3268 712 3313 36.
746 3264 820 3319 alteri,
837 3264 985 3327 quoepertim
996 3264 1159 3324 aconjectura,
1175 3264 1262 3327 partim

202 3328 293 3377 Gnou.
310 3328 372 3376 Edd.
381 3337 433 3374 ante
442 3327 518 3375 Rhen.
530 3328 713 3391 habentpraeca.
746 3331 776 3376 ab
798 3342 872 3376 errore
892 3344 1014 3390 operarum
1031 3338 1086 3377 nuta
1104 3339 1145 3377 est.
1177 3331 1265 3378 Sensus

201 3400 309 3441 currerat
319 3394 356 3440 vel
366 3399 533 3453 praecurrerat,
545 3402 573 3438 ut
583 3392 617 3439 ed.
630 3394 684 3441 Put.
693 3400 717 3441 et
749 3399 791 3450 est,
807 3401 877 3440 ustus
890 3394 997 3441 contrarii
1012 3393 1083 3441 maris
1094 3394 1117 3441 ri
1128 3393 1265 3453 sunfecere,

154 3512 156 3516 ¹
201 3458 253 3505 Ale.
270 3457 334 3520 quod
351 3456 478 3503 Rhenanus
492 3456 560 3503 tacite
576 3458 676 3504 mutavit
692 3458 716 3505 in
749 3465 777 3503 ut
798 3457 903 3503 uetueris
927 3458 995 3505 Clota
1015 3469 1038 3507 et
1059 3458 1170 3506 Bodotria
1191 3474 1264 3533 quam

198 3528 358 3583 percurreret,
378 3520 423 3567 nisi
444 3520 587 3567 librariorum
605 3522 717 3569 aberratio
749 3521 884 3583 longissime
894 3537 918 3569 se
928 3522 1095 3571 insinuaverint
1107 3523 1132 3569 in
1143 3532 1262 3571 oonnnen·

201 3594 242 3633 est.
275 3586 328 3647 Ego
342 3600 384 3632 nec
398 3590 587 3645 praecucurrerat
601 3600 716 3647 spernam,
749 3592 805 3640 tem,
824 3594 847 3633 et
868 3586 908 3633 vix
930 3597 1055 3649 angustum
1077 3589 1192 3636 isthmum
1210 3585 1264 3633 reli·

202 3663 245 3711 pro
266 3654 485 3712 prutercucurreraty
505 3656 533 3695 ut
550 3650 656 3709 provehi
676 3664 719 3713 pro·
749 3650 849 3711 querint.
881 3650 954 3697 Eun.

197 3715 340 3775 prateroelti
354 3712 479 3761 hubuimus
490 3711 523 3761 H.
535 3715 560 3769 5,
572 3714 612 3759 23·
644 3714 716 3763 Etru.
782 3714 1265 3779 Naueprima]Quteorasirtassctutnri

202 3778 571 3838 Rectiusomninopercurrerot.
749 3794 813 3826 ausa.

235 3844 305 3891 Nam
317 3843 386 3890 Gloto
394 3848 417 3889 et
425 3842 539 3887 Bodotria
547 3842 635 3889 diuersi
643 3847 717 3893 maru
781 3846 815 3891 Iu
825 3859 889 3906 rpem
900 3844 990 3910 aragia]
1008 3844 1055 3892 Vel
1068 3845 1153 3909 potius,
1172 3844 1198 3889 iu
1214 3859 1266 3907 spe.

202 3912 260 3954 oertu
273 3920 319 3967 per
328 3908 468 3953 immensum
479 3906 577 3968 revecti]
596 3905 646 3964 Qui
656 3910 717 3955 diri·
751 3909 810 3955 ciem
820 3912 905 3971 magia
918 3910 994 3957 Istra.
1006 3910 1052 3957 Sed
1060 3906 1179 3970 sequetms
1186 3908 1266 3957 riden-

203 3970 398 4017 muutrtrihaud
406 3969 476 4017 dubie
485 3972 719 4019 GlottoetBodotrta
751 3980 790 4019 tur
812 3989 876 4035 rpem
897 3975 971 4038 magis
992 3974 1126 4020 desiderare.
1158 3972 1197 4021 Ea
1218 3988 1266 4021 non

204 4034 275 4081 fluvii.
309 4034 456 4091 Quomodo?
484 4043 582 4097 angusto
607 4043 719 4085 terrarum
752 4046 992 4102 ereutperpunctum
1003 4037 1033 4083 sb
1043 4035 1080 4082 his
1090 4034 1227 4100 dirimenda,
1239 4046 1267 4086 ut

204 4098 284 4159 spatio.
302 4097 403 4157 Quare?
420 4098 719 4161 quiadiuerrimarisastu
752 4100 777 4146 in
788 4102 994 4164 vulgatissactum.
1024 4100 1096 4148 Eme.

198 4176 245 4223 per
255 4165 394 4209 imotenaam
406 4165 508 4209 revectis
518 4163 674 4217 taceturne
684 4174 720 4213 at-
785 4168 869 4217 Medio
883 4171 945 4215 iuter
959 4164 1116 4213 Britanniam
1132 4174 1201 4227 atque
1216 4169 1266 4214 Hi·

205 4226 318 4289 quoinde
333 4227 470 4273 nocumentis
485 4226 573 4289 impetu
591 4236 614 4274 et
629 4228 719 4277 effluxu
752 4233 860 4291 sporum
870 4230 927 4290 sita]
939 4230 1091 4278 Benemonet
1099 4230 1210 4288 Pichena,
1219 4246 1267 4278 aaa·

202 4290 273 4337 meris
289 4290 375 4339 (luenti
391 4300 413 4338 et
429 4291 493 4338 velut
508 4291 595 4355 repulsi
610 4307 636 4339 ac
649 4302 720 4341 retro·
753 4296 792 4341 dr'o
810 4297 881 4341 eitam
900 4308 947 4341 non
963 4308 1012 4341 esse
1028 4310 1096 4358 atquo
1114 4295 1238 4343 distantem
1252 4310 1269 4341 a

202 4353 254 4403 acti.
271 4354 354 4417 Atque
367 4370 395 4403 eo
410 4355 531 4403 intervallo
544 4356 721 4420 nonlongocs-
753 4356 877 4407 Britannia
898 4367 922 4406 et
943 4357 1066 4422 Hispanis.
1105 4361 1191 4407 Media
1212 4367 1268 4406 sunt

202 4418 358 4483 mlbsseptn,
373 4418 484 4487 quiequid
500 4419 596 4468 interius
609 4428 721 4469 terrarum
752 4422 978 4486 interiectaquuris.
1011 4422 1162 4483 Omninoque
1171 4422 1268 4468 lucare

206 4491 261 4545 eret,
268 4484 364 4547 perebtu
372 4482 490 4538 Romanis.
507 4484 600 4533 (ineu.
612 4485 721 4555 Primum
754 4487 1014 4549 dioperpleonmnum
1022 4485 1176 4555 additament.
1194 4482 1267 4534 Eunt.
