<?xml version="1.0" encoding="UTF-8"?>
<!DOCTYPE html PUBLIC "-//W3C//DTD XHTML 1.0 Transitional//EN"
    "http://www.w3.org/TR/xhtml1/DTD/xhtml1-transitional.dtd">
<html xmlns="http://www.w3.org/1999/xhtml" xml:lang="en" lang="en">
 <head>
  <title>
</title>
<meta http-equiv="Content-Type" content="text/html;charset=utf-8" />
  <meta name='ocr-system' content='tesseract 3.04.00' />
  <meta name='ocr-capabilities' content='ocr_page ocr_carea ocr_par ocr_line ocrx_word'/>
</head>
<body>
  <div class='ocr_page' id='page_1' title='image "./ccorneliitaciti02grongoog_0222.png"; bbox 0 0 3034 4967; ppageno 0'>
   <div class='ocr_carea' id='block_1_1' title="bbox 231 254 1200 320">
    <p class='ocr_par' dir='ltr' id='par_1_1' title="bbox 231 254 1200 320">
     <span class='ocr_line' id='line_1_1' title="bbox 231 254 1200 320; baseline 0 -4"><span class='ocrx_word' id='word_1_1' title='bbox 231 262 290 319; x_wconf 81' lang='lat'><strong>216</strong></span> <span class='ocrx_word' id='word_1_2' title='bbox 331 254 630 317; x_wconf 68' lang='lat' dir='ltr'><strong>saman-cmlx</strong></span> <span class='ocrx_word' id='word_1_3' title='bbox 650 257 706 316; x_wconf 79' lang='lat' dir='ltr'><strong>nn</strong></span> <span class='ocrx_word' id='word_1_4' title='bbox 725 254 906 317; x_wconf 87' lang='lat' dir='ltr'><strong>IMPERIO</strong></span> <span class='ocrx_word' id='word_1_5' title='bbox 927 256 1200 320; x_wconf 80' lang='lat' dir='ltr'>PARTHORUM.</span> 
     </span>
    </p>
   </div>
   <div class='ocr_carea' id='block_1_2' title="bbox 213 412 1370 2625">
    <p class='ocr_par' dir='ltr' id='par_1_2' title="bbox 213 412 1370 2625">
     <span class='ocr_line' id='line_1_2' title="bbox 235 412 1299 495; baseline 0.001 -18"><span class='ocrx_word' id='word_1_6' title='bbox 235 417 403 478; x_wconf 76' lang='lat' dir='ltr'><strong>necabant</strong></span> <span class='ocrx_word' id='word_1_7' title='bbox 409 416 573 495; x_wconf 88' lang='lat' dir='ltr'><strong>imperium.</strong></span> <span class='ocrx_word' id='word_1_8' title='bbox 608 416 719 475; x_wconf 88' lang='lat' dir='ltr'><strong>Durius</strong></span> <span class='ocrx_word' id='word_1_9' title='bbox 727 415 820 477; x_wconf 90' lang='lat' dir='ltr'><strong>habiti</strong></span> <span class='ocrx_word' id='word_1_10' title='bbox 830 417 935 489; x_wconf 83' lang='lat' dir='ltr'><strong>Peraae,</strong></span> <span class='ocrx_word' id='word_1_11' title='bbox 947 417 1155 477; x_wconf 78' lang='lat' dir='ltr'><strong>Arsacidarum</strong></span> <span class='ocrx_word' id='word_1_12' title='bbox 1166 412 1299 478; x_wconf 80' lang='lat' dir='ltr'><strong>cladibus</strong></span> 
     </span>
     <span class='ocr_line' id='line_1_3' title="bbox 236 494 1297 577; baseline 0.001 -21"><span class='ocrx_word' id='word_1_13' title='bbox 236 507 268 556; x_wconf 93' lang='lat' dir='ltr'><strong>et</strong></span> <span class='ocrx_word' id='word_1_14' title='bbox 285 495 382 557; x_wconf 87' lang='lat' dir='ltr'><strong>fracta</strong></span> <span class='ocrx_word' id='word_1_15' title='bbox 397 496 530 572; x_wconf 90' lang='lat' dir='ltr'><strong>potentia</strong></span> <span class='ocrx_word' id='word_1_16' title='bbox 547 495 603 566; x_wconf 92' lang='lat' dir='ltr'><strong>usi,</strong></span> <span class='ocrx_word' id='word_1_17' title='bbox 616 494 767 567; x_wconf 73' lang='lat' dir='ltr'>defecere,</span> <span class='ocrx_word' id='word_1_18' title='bbox 779 514 941 576; x_wconf 88' lang='lat' dir='ltr'><strong>eversoque</strong></span> <span class='ocrx_word' id='word_1_19' title='bbox 961 496 1083 556; x_wconf 88' lang='lat' dir='ltr'><strong>istorum</strong></span> <span class='ocrx_word' id='word_1_20' title='bbox 1100 516 1193 577; x_wconf 90' lang='lat' dir='ltr'><strong>regno</strong></span> <span class='ocrx_word' id='word_1_21' title='bbox 1209 500 1247 557; x_wconf 89' lang='lat' dir='ltr'><strong>A.</strong></span> <span class='ocrx_word' id='word_1_22' title='bbox 1261 498 1297 557; x_wconf 80' lang='lat' dir='ltr'><strong>O.</strong></span> 
     </span>
     <span class='ocr_line' id='line_1_4' title="bbox 236 574 1253 654; baseline -0.003 -18"><span class='ocrx_word' id='word_1_23' title='bbox 236 579 304 646; x_wconf 83' lang='lat'><strong>226.</strong></span> <span class='ocrx_word' id='word_1_24' title='bbox 317 578 484 634; x_wconf 79' lang='lat' dir='ltr'>Artaxerxe</span> <span class='ocrx_word' id='word_1_25' title='bbox 498 574 654 633; x_wconf 89' lang='lat' dir='ltr'><strong>Sassanida</strong></span> <span class='ocrx_word' id='word_1_26' title='bbox 667 574 753 644; x_wconf 92' lang='lat' dir='ltr'><strong>duce,</strong></span> <span class='ocrx_word' id='word_1_27' title='bbox 768 594 876 634; x_wconf 88' lang='lat' dir='ltr'><strong>novum</strong></span> <span class='ocrx_word' id='word_1_28' title='bbox 891 574 1050 635; x_wconf 85' lang='lat' dir='ltr'>condidere</span> <span class='ocrx_word' id='word_1_29' title='bbox 1065 575 1234 654; x_wconf 86' lang='lat' dir='ltr'><strong>Imperium.</strong></span> <span class='ocrx_word' id='word_1_30' title='bbox 1249 592 1253 599; x_wconf 89' lang='lat'><strong>·</strong></span> 
     </span>
     <span class='ocr_line' id='line_1_5' title="bbox 276 652 1300 734; baseline 0.002 -21"><span class='ocrx_word' id='word_1_31' title='bbox 276 654 366 713; x_wconf 90' lang='lat' dir='ltr'><strong>Initio</strong></span> <span class='ocrx_word' id='word_1_32' title='bbox 379 652 498 732; x_wconf 89' lang='lat' dir='ltr'><strong>quidem</strong></span> <span class='ocrx_word' id='word_1_33' title='bbox 515 652 691 713; x_wconf 83' lang='lat' dir='ltr'>Parthorum</span> <span class='ocrx_word' id='word_1_34' title='bbox 705 653 866 734; x_wconf 85' lang='lat' dir='ltr'><strong>Imperium</strong></span> <span class='ocrx_word' id='word_1_35' title='bbox 884 672 920 713; x_wconf 93' lang='lat' dir='ltr'><strong>ea</strong></span> <span class='ocrx_word' id='word_1_36' title='bbox 937 654 1068 733; x_wconf 85' lang='lat' dir='ltr'><strong>gavisum</strong></span> <span class='ocrx_word' id='word_1_37' title='bbox 1089 666 1150 713; x_wconf 88' lang='lat' dir='ltr'><strong>erat</strong></span> <span class='ocrx_word' id='word_1_38' title='bbox 1163 656 1191 713; x_wconf 90' lang='lat' dir='ltr'><strong>vi</strong></span> <span class='ocrx_word' id='word_1_39' title='bbox 1206 670 1300 733; x_wconf 88' lang='lat' dir='ltr'><strong>eaque</strong></span> 
     </span>
     <span class='ocr_line' id='line_1_6' title="bbox 235 730 1301 813; baseline 0.001 -21"><span class='ocrx_word' id='word_1_40' title='bbox 235 732 379 813; x_wconf 89' lang='lat' dir='ltr'><strong>potentia,</strong></span> <span class='ocrx_word' id='word_1_41' title='bbox 392 750 453 810; x_wconf 91' lang='lat' dir='ltr'><strong>qua</strong></span> <span class='ocrx_word' id='word_1_42' title='bbox 464 731 561 791; x_wconf 81' lang='lat' dir='ltr'><strong>solent</strong></span> <span class='ocrx_word' id='word_1_43' title='bbox 579 730 716 793; x_wconf 90' lang='lat' dir='ltr'><strong>militaria</strong></span> <span class='ocrx_word' id='word_1_44' title='bbox 734 733 863 812; x_wconf 88' lang='lat' dir='ltr'><strong>Imperia</strong></span> <span class='ocrx_word' id='word_1_45' title='bbox 881 751 985 793; x_wconf 86' lang='lat' dir='ltr'><strong>recens</strong></span> <span class='ocrx_word' id='word_1_46' title='bbox 1001 744 1079 804; x_wconf 84' lang='lat' dir='ltr'><strong>nata,</strong></span> <span class='ocrx_word' id='word_1_47' title='bbox 1092 752 1204 804; x_wconf 87' lang='lat' dir='ltr'><strong>verum,</strong></span> <span class='ocrx_word' id='word_1_48' title='bbox 1220 733 1301 812; x_wconf 89' lang='lat' dir='ltr'><strong>quod</strong></span> 
     </span>
     <span class='ocr_line' id='line_1_7' title="bbox 233 810 1370 883; baseline -0.001 -12"><span class='ocrx_word' id='word_1_49' title='bbox 233 812 390 871; x_wconf 83' lang='lat' dir='ltr'><strong>ridebatur</strong></span> <span class='ocrx_word' id='word_1_50' title='bbox 412 810 615 870; x_wconf 85' lang='lat' dir='ltr'><strong>conservando</strong></span> <span class='ocrx_word' id='word_1_51' title='bbox 632 811 839 871; x_wconf 84' lang='lat' dir='ltr'><strong>inserviturum</strong></span> <span class='ocrx_word' id='word_1_52' title='bbox 858 812 995 882; x_wconf 84' lang='lat' dir='ltr'><strong>maxime,</strong></span> <span class='ocrx_word' id='word_1_53' title='bbox 1014 812 1165 871; x_wconf 89' lang='lat' dir='ltr'><strong>interitum</strong></span> <span class='ocrx_word' id='word_1_54' title='bbox 1185 812 1300 871; x_wconf 88' lang='lat' dir='ltr'><strong>adtulit.</strong></span> <span class='ocrx_word' id='word_1_55' title='bbox 1367 879 1370 883; x_wconf 92' lang='lat'><strong>.</strong></span> 
     </span>
     <span class='ocr_line' id='line_1_8' title="bbox 213 889 1300 971; baseline -0.001 -21"><span class='ocrx_word' id='word_1_56' title='bbox 213 890 342 950; x_wconf 81' lang='lat' dir='ltr'><strong>-Gentis</strong></span> <span class='ocrx_word' id='word_1_57' title='bbox 362 909 452 958; x_wconf 89' lang='lat' dir='ltr'><strong>amor,</strong></span> <span class='ocrx_word' id='word_1_58' title='bbox 471 908 532 967; x_wconf 89' lang='lat' dir='ltr'><strong>quo</strong></span> <span class='ocrx_word' id='word_1_59' title='bbox 551 889 710 951; x_wconf 89' lang='lat' dir='ltr'><strong>Arsacidas</strong></span> <span class='ocrx_word' id='word_1_60' title='bbox 730 892 1004 971; x_wconf 84' lang='lat' dir='ltr'><strong>complectebantur</strong></span> <span class='ocrx_word' id='word_1_61' title='bbox 1026 890 1137 960; x_wconf 91' lang='lat' dir='ltr'><strong>Parthi,</strong></span> <span class='ocrx_word' id='word_1_62' title='bbox 1157 902 1300 969; x_wconf 90' lang='lat' dir='ltr'><strong>perpetuo</strong></span> 
     </span>
     <span class='ocr_line' id='line_1_9' title="bbox 235 968 1301 1061; baseline -0.002 -33"><span class='ocrx_word' id='word_1_63' title='bbox 235 977 348 1028; x_wconf 89' lang='lat' dir='ltr'><strong>metum</strong></span> <span class='ocrx_word' id='word_1_64' title='bbox 359 968 493 1047; x_wconf 85' lang='lat' dir='ltr'>Regibus</span> <span class='ocrx_word' id='word_1_65' title='bbox 506 968 674 1047; x_wconf 72' lang='lat' dir='ltr'><strong>inspirabat.</strong></span> <span class='ocrx_word' id='word_1_66' title='bbox 716 971 818 1031; x_wconf 85' lang='lat' dir='ltr'><strong>Solent</strong></span> <span class='ocrx_word' id='word_1_67' title='bbox 837 968 967 1030; x_wconf 84' lang='lat' dir='ltr'><strong>Orientis</strong></span> <span class='ocrx_word' id='word_1_68' title='bbox 986 970 1087 1061; x_wconf 80' lang='lat' dir='ltr'><strong>Reges</strong></span> <span class='ocrx_word' id='word_1_69' title='bbox 1099 969 1221 1029; x_wconf 83' lang='lat' dir='ltr'><strong>fratrum</strong></span> <span class='ocrx_word' id='word_1_70' title='bbox 1235 989 1301 1027; x_wconf 90' lang='lat' dir='ltr'><strong>san-</strong></span> 
     </span>
     <span class='ocr_line' id='line_1_10' title="bbox 236 1047 1300 1129; baseline -0.002 -22"><span class='ocrx_word' id='word_1_71' title='bbox 236 1047 325 1129; x_wconf 85' lang='lat' dir='ltr'><strong>guina</strong></span> <span class='ocrx_word' id='word_1_72' title='bbox 333 1048 466 1127; x_wconf 90' lang='lat' dir='ltr'><strong>polluere</strong></span> <span class='ocrx_word' id='word_1_73' title='bbox 475 1066 579 1107; x_wconf 90' lang='lat' dir='ltr'><strong>manus</strong></span> <span class='ocrx_word' id='word_1_74' title='bbox 586 1048 632 1107; x_wconf 87' lang='lat' dir='ltr'><strong>vel</strong></span> <span class='ocrx_word' id='word_1_75' title='bbox 648 1050 741 1109; x_wconf 91' lang='lat' dir='ltr'><strong>oculis</strong></span> <span class='ocrx_word' id='word_1_76' title='bbox 751 1050 940 1128; x_wconf 80' lang='lat' dir='ltr'><strong>eosprivare3</strong></span> <span class='ocrx_word' id='word_1_77' title='bbox 957 1048 1116 1108; x_wconf 79' lang='lat' dir='ltr'><strong>ferociores</strong></span> <span class='ocrx_word' id='word_1_78' title='bbox 1126 1048 1300 1107; x_wconf 87' lang='lat' dir='ltr'><strong>Parthorum</strong></span> 
     </span>
     <span class='ocr_line' id='line_1_11' title="bbox 236 1126 1300 1207; baseline -0.004 -20"><span class='ocrx_word' id='word_1_79' title='bbox 236 1129 338 1205; x_wconf 83' lang='lat' dir='ltr'><strong>Reges</strong></span> <span class='ocrx_word' id='word_1_80' title='bbox 350 1146 433 1185; x_wconf 86' lang='lat' dir='ltr'><strong>suam</strong></span> <span class='ocrx_word' id='word_1_81' title='bbox 446 1126 501 1207; x_wconf 90' lang='lat' dir='ltr'><strong>ipsi</strong></span> <span class='ocrx_word' id='word_1_82' title='bbox 514 1127 645 1186; x_wconf 77' lang='lat' dir='ltr'><strong>sobolem</strong></span> <span class='ocrx_word' id='word_1_83' title='bbox 655 1145 763 1187; x_wconf 90' lang='lat' dir='ltr'><strong>necare</strong></span> <span class='ocrx_word' id='word_1_84' title='bbox 777 1148 836 1187; x_wconf 88' lang='lat' dir='ltr'><strong>non</strong></span> <span class='ocrx_word' id='word_1_85' title='bbox 851 1127 1036 1197; x_wconf 84' lang='lat' dir='ltr'><strong>dubitabant,</strong></span> <span class='ocrx_word' id='word_1_86' title='bbox 1048 1147 1087 1187; x_wconf 91' lang='lat' dir='ltr'><strong>ne</strong></span> <span class='ocrx_word' id='word_1_87' title='bbox 1101 1126 1199 1187; x_wconf 88' lang='lat' dir='ltr'><strong>forsan</strong></span> <span class='ocrx_word' id='word_1_88' title='bbox 1212 1138 1300 1196; x_wconf 88' lang='lat' dir='ltr'><strong>esset,</strong></span> 
     </span>
     <span class='ocr_line' id='line_1_12' title="bbox 236 1202 1302 1286; baseline -0.003 -21"><span class='ocrx_word' id='word_1_89' title='bbox 236 1206 287 1286; x_wconf 90' lang='lat' dir='ltr'><strong>qui</strong></span> <span class='ocrx_word' id='word_1_90' title='bbox 299 1205 378 1285; x_wconf 86' lang='lat' dir='ltr'><strong>ipsos</strong></span> <span class='ocrx_word' id='word_1_91' title='bbox 391 1223 484 1283; x_wconf 88' lang='lat' dir='ltr'><strong>regno</strong></span> <span class='ocrx_word' id='word_1_92' title='bbox 498 1217 629 1265; x_wconf 89' lang='lat' dir='ltr'><strong>exueret.</strong></span> <span class='ocrx_word' id='word_1_93' title='bbox 669 1206 731 1266; x_wconf 89' lang='lat' dir='ltr'><strong>Ubi</strong></span> <span class='ocrx_word' id='word_1_94' title='bbox 744 1206 787 1265; x_wconf 91' lang='lat' dir='ltr'><strong>sic</strong></span> <span class='ocrx_word' id='word_1_95' title='bbox 801 1208 902 1267; x_wconf 90' lang='lat' dir='ltr'><strong>insana</strong></span> <span class='ocrx_word' id='word_1_96' title='bbox 917 1206 1038 1266; x_wconf 87' lang='lat' dir='ltr'><strong>ambitio</strong></span> <span class='ocrx_word' id='word_1_97' title='bbox 1051 1206 1200 1265; x_wconf 89' lang='lat' dir='ltr'><strong>hominum</strong></span> <span class='ocrx_word' id='word_1_98' title='bbox 1213 1202 1302 1263; x_wconf 90' lang='lat' dir='ltr'><strong>fasci·</strong></span> 
     </span>
     <span class='ocr_line' id='line_1_13' title="bbox 234 1284 1301 1363; baseline -0.002 -20"><span class='ocrx_word' id='word_1_99' title='bbox 234 1285 315 1345; x_wconf 88' lang='lat' dir='ltr'><strong>navit</strong></span> <span class='ocrx_word' id='word_1_100' title='bbox 329 1284 442 1355; x_wconf 91' lang='lat' dir='ltr'><strong>oculos,</strong></span> <span class='ocrx_word' id='word_1_101' title='bbox 456 1284 554 1344; x_wconf 90' lang='lat' dir='ltr'><strong>nullus</strong></span> <span class='ocrx_word' id='word_1_102' title='bbox 563 1286 624 1361; x_wconf 89' lang='lat' dir='ltr'><strong>jam</strong></span> <span class='ocrx_word' id='word_1_103' title='bbox 639 1286 733 1363; x_wconf 90' lang='lat' dir='ltr'><strong>pudor</strong></span> <span class='ocrx_word' id='word_1_104' title='bbox 747 1297 803 1345; x_wconf 87' lang='lat' dir='ltr'><strong>est.</strong></span> <span class='ocrx_word' id='word_1_105' title='bbox 844 1286 912 1343; x_wconf 87' lang='lat' dir='ltr'><strong>Non</strong></span> <span class='ocrx_word' id='word_1_106' title='bbox 926 1304 992 1345; x_wconf 90' lang='lat' dir='ltr'><strong>raro</strong></span> <span class='ocrx_word' id='word_1_107' title='bbox 1012 1286 1185 1347; x_wconf 88' lang='lat' dir='ltr'><strong>Parthorum</strong></span> <span class='ocrx_word' id='word_1_108' title='bbox 1200 1285 1301 1363; x_wconf 82' lang='lat' dir='ltr'><strong>Reges</strong></span> 
     </span>
     <span class='ocr_line' id='line_1_14' title="bbox 235 1362 1301 1443; baseline -0.001 -21"><span class='ocrx_word' id='word_1_109' title='bbox 235 1363 320 1433; x_wconf 88' lang='lat' dir='ltr'><strong>filios,</strong></span> <span class='ocrx_word' id='word_1_110' title='bbox 334 1362 415 1421; x_wconf 78' lang='lat' dir='ltr'><strong>nrdla</strong></span> <span class='ocrx_word' id='word_1_111' title='bbox 428 1362 605 1423; x_wconf 83' lang='lat' dir='ltr'><strong>necessitate</strong></span> <span class='ocrx_word' id='word_1_112' title='bbox 625 1374 761 1443; x_wconf 88' lang='lat' dir='ltr'><strong>urgente,</strong></span> <span class='ocrx_word' id='word_1_113' title='bbox 777 1364 913 1423; x_wconf 89' lang='lat' dir='ltr'><strong>obsidum</strong></span> <span class='ocrx_word' id='word_1_114' title='bbox 926 1364 992 1424; x_wconf 89' lang='lat' dir='ltr'><strong>loco</strong></span> <span class='ocrx_word' id='word_1_115' title='bbox 1009 1363 1151 1423; x_wconf 86' lang='lat' dir='ltr'><strong>Romanis</strong></span> <span class='ocrx_word' id='word_1_116' title='bbox 1158 1363 1213 1423; x_wconf 93' lang='lat' dir='ltr'><strong>sibi</strong></span> <span class='ocrx_word' id='word_1_117' title='bbox 1227 1362 1301 1421; x_wconf 87' lang='lat' dir='ltr'><strong>infe·</strong></span> 
     </span>
     <span class='ocr_line' id='line_1_15' title="bbox 234 1440 1301 1522; baseline -0.002 -21"><span class='ocrx_word' id='word_1_118' title='bbox 234 1441 530 1501; x_wconf 86' lang='lat' dir='ltr'><strong>atissimiatradidere.</strong></span> <span class='ocrx_word' id='word_1_119' title='bbox 560 1446 608 1503; x_wconf 89' lang='lat' dir='ltr'><strong>Ex</strong></span> <span class='ocrx_word' id='word_1_120' title='bbox 616 1442 714 1521; x_wconf 85' lang='lat' dir='ltr'><strong>quaid</strong></span> <span class='ocrx_word' id='word_1_121' title='bbox 723 1442 846 1514; x_wconf 86' lang='lat' dir='ltr'><strong>facturn,</strong></span> <span class='ocrx_word' id='word_1_122' title='bbox 857 1454 888 1502; x_wconf 91' lang='lat' dir='ltr'><strong>et</strong></span> <span class='ocrx_word' id='word_1_123' title='bbox 898 1452 1053 1522; x_wconf 86' lang='lat' dir='ltr'><strong>postquam</strong></span> <span class='ocrx_word' id='word_1_124' title='bbox 1063 1440 1301 1521; x_wconf 85' lang='lat' dir='ltr'><strong>algnamilitaria,</strong></span> 
     </span>
     <span class='ocr_line' id='line_1_16' title="bbox 237 1520 1302 1599; baseline -0.004 -18"><span class='ocrx_word' id='word_1_125' title='bbox 237 1522 344 1581; x_wconf 87' lang='lat' dir='ltr'><strong>Crasso</strong></span> <span class='ocrx_word' id='word_1_126' title='bbox 357 1530 470 1599; x_wconf 87' lang='lat' dir='ltr'><strong>erepta,</strong></span> <span class='ocrx_word' id='word_1_127' title='bbox 484 1520 522 1579; x_wconf 90' lang='lat' dir='ltr'><strong>ad</strong></span> <span class='ocrx_word' id='word_1_128' title='bbox 536 1522 705 1599; x_wconf 88' lang='lat' dir='ltr'><strong>Augustum</strong></span> <span class='ocrx_word' id='word_1_129' title='bbox 725 1532 793 1580; x_wconf 91' lang='lat' dir='ltr'><strong>sunt</strong></span> <span class='ocrx_word' id='word_1_130' title='bbox 810 1524 940 1593; x_wconf 87' lang='lat' dir='ltr'><strong>remissa,</strong></span> <span class='ocrx_word' id='word_1_131' title='bbox 954 1522 1129 1582; x_wconf 86' lang='lat' dir='ltr'><strong>Parthorum</strong></span> <span class='ocrx_word' id='word_1_132' title='bbox 1142 1520 1302 1598; x_wconf 89' lang='lat' dir='ltr'><strong>Imperium</strong></span> 
     </span>
     <span class='ocr_line' id='line_1_17' title="bbox 235 1598 1303 1679; baseline -0.002 -22"><span class='ocrx_word' id='word_1_133' title='bbox 235 1598 296 1659; x_wconf 88' lang='lat' dir='ltr'><strong>labi</strong></span> <span class='ocrx_word' id='word_1_134' title='bbox 310 1599 444 1679; x_wconf 88' lang='lat' dir='ltr'><strong>coepisse,</strong></span> <span class='ocrx_word' id='word_1_135' title='bbox 460 1601 565 1660; x_wconf 90' lang='lat' dir='ltr'><strong>Strabo</strong></span> <span class='ocrx_word' id='word_1_136' title='bbox 574 1610 657 1660; x_wconf 90' lang='lat' dir='ltr'><strong>recte</strong></span> <span class='ocrx_word' id='word_1_137' title='bbox 668 1600 792 1678; x_wconf 86' lang='lat' dir='ltr'><strong>judicat.</strong></span> <span class='ocrx_word' id='word_1_138' title='bbox 832 1600 950 1660; x_wconf 82' lang='lat' dir='ltr'><strong>Accidit</strong></span> <span class='ocrx_word' id='word_1_139' title='bbox 957 1601 1015 1659; x_wconf 92' lang='lat' dir='ltr'><strong>hoc</strong></span> <span class='ocrx_word' id='word_1_140' title='bbox 1026 1618 1103 1659; x_wconf 92' lang='lat' dir='ltr'><strong>anno</strong></span> <span class='ocrx_word' id='word_1_141' title='bbox 1115 1599 1230 1676; x_wconf 87' lang='lat' dir='ltr'><strong>imperii</strong></span> <span class='ocrx_word' id='word_1_142' title='bbox 1240 1601 1303 1657; x_wconf 89' lang='lat' dir='ltr'><strong>Au·</strong></span> 
     </span>
     <span class='ocr_line' id='line_1_18' title="bbox 236 1678 1302 1759; baseline -0.003 -21"><span class='ocrx_word' id='word_1_143' title='bbox 236 1679 316 1756; x_wconf 86' lang='lat' dir='ltr'><strong>gusti</strong></span> <span class='ocrx_word' id='word_1_144' title='bbox 329 1678 454 1749; x_wconf 89' lang='lat' dir='ltr'><strong>decimo,</strong></span> <span class='ocrx_word' id='word_1_145' title='bbox 468 1678 538 1737; x_wconf 92' lang='lat' dir='ltr'><strong>inde</strong></span> <span class='ocrx_word' id='word_1_146' title='bbox 550 1678 666 1739; x_wconf 89' lang='lat' dir='ltr'><strong>scilicet</strong></span> <span class='ocrx_word' id='word_1_147' title='bbox 678 1679 716 1737; x_wconf 90' lang='lat' dir='ltr'><strong>ab</strong></span> <span class='ocrx_word' id='word_1_148' title='bbox 726 1678 854 1738; x_wconf 86' lang='lat' dir='ltr'><strong>Actiaca</strong></span> <span class='ocrx_word' id='word_1_149' title='bbox 860 1698 969 1759; x_wconf 84' lang='lat' dir='ltr'><strong>pugna,</strong></span> <span class='ocrx_word' id='word_1_150' title='bbox 977 1678 1118 1757; x_wconf 88' lang='lat' dir='ltr'><strong>vigesimo</strong></span> <span class='ocrx_word' id='word_1_151' title='bbox 1132 1688 1218 1735; x_wconf 88' lang='lat' dir='ltr'><strong>sexto</strong></span> <span class='ocrx_word' id='word_1_152' title='bbox 1232 1686 1302 1735; x_wconf 92' lang='lat' dir='ltr'><strong>ante</strong></span> 
     </span>
     <span class='ocr_line' id='line_1_19' title="bbox 236 1754 1301 1837; baseline -0.003 -21"><span class='ocrx_word' id='word_1_153' title='bbox 236 1758 394 1817; x_wconf 87' lang='lat' dir='ltr'><strong>Christum.</strong></span> <span class='ocrx_word' id='word_1_154' title='bbox 436 1757 563 1818; x_wconf 69' lang='lat' dir='ltr'><strong>vAbhinc</strong></span> <span class='ocrx_word' id='word_1_155' title='bbox 580 1767 682 1821; x_wconf 85' lang='lat' dir='ltr'><strong>¹tamen</strong></span> <span class='ocrx_word' id='word_1_156' title='bbox 703 1757 735 1816; x_wconf 93' lang='lat' dir='ltr'><strong>id</strong></span> <span class='ocrx_word' id='word_1_157' title='bbox 757 1776 882 1837; x_wconf 88' lang='lat' dir='ltr'><strong>regnum</strong></span> <span class='ocrx_word' id='word_1_158' title='bbox 902 1758 979 1817; x_wconf 87' lang='lat' dir='ltr'><strong>ultra</strong></span> <span class='ocrx_word' id='word_1_159' title='bbox 998 1757 1057 1816; x_wconf 91' lang='lat' dir='ltr'><strong>duo</strong></span> <span class='ocrx_word' id='word_1_160' title='bbox 1081 1754 1190 1814; x_wconf 82' lang='lat' dir='ltr'><strong>sarcula</strong></span> <span class='ocrx_word' id='word_1_161' title='bbox 1208 1754 1301 1825; x_wconf 87' lang='lat' dir='ltr'><strong>stetit,</strong></span> 
     </span>
     <span class='ocr_line' id='line_1_20' title="bbox 237 1834 1302 1897; baseline -0.004 -2"><span class='ocrx_word' id='word_1_162' title='bbox 237 1855 340 1897; x_wconf 88' lang='lat' dir='ltr'><strong>verum</strong></span> <span class='ocrx_word' id='word_1_163' title='bbox 352 1836 497 1895; x_wconf 89' lang='lat' dir='ltr'><strong>intestinis</strong></span> <span class='ocrx_word' id='word_1_164' title='bbox 509 1836 748 1896; x_wconf 88' lang='lat' dir='ltr'><strong>turbisrexatum</strong></span> <span class='ocrx_word' id='word_1_165' title='bbox 756 1846 787 1896; x_wconf 91' lang='lat' dir='ltr'><strong>et</strong></span> <span class='ocrx_word' id='word_1_166' title='bbox 795 1836 893 1895; x_wconf 89' lang='lat' dir='ltr'><strong>multis</strong></span> <span class='ocrx_word' id='word_1_167' title='bbox 907 1834 1119 1896; x_wconf 81' lang='lat' dir='ltr'><strong>calamitatibus</strong></span> <span class='ocrx_word' id='word_1_168' title='bbox 1134 1834 1302 1893; x_wconf 87' lang='lat' dir='ltr'><strong>obnoxium.</strong></span> 
     </span>
     <span class='ocr_line' id='line_1_21' title="bbox 237 1912 1302 1994; baseline -0.004 -19"><span class='ocrx_word' id='word_1_169' title='bbox 237 1914 397 1976; x_wconf 73' lang='lat' dir='ltr'><strong>&#39;lhibutarii</strong></span> <span class='ocrx_word' id='word_1_170' title='bbox 410 1914 523 1994; x_wconf 86' lang='lat' dir='ltr'><strong>Reges,</strong></span> <span class='ocrx_word' id='word_1_171' title='bbox 536 1925 689 1975; x_wconf 88' lang='lat' dir='ltr'><strong>crescente</strong></span> <span class='ocrx_word' id='word_1_172' title='bbox 702 1915 733 1973; x_wconf 92' lang='lat' dir='ltr'><strong>in</strong></span> <span class='ocrx_word' id='word_1_173' title='bbox 746 1914 810 1973; x_wconf 87' lang='lat' dir='ltr'><strong>dies</strong></span> <span class='ocrx_word' id='word_1_174' title='bbox 826 1915 1001 1975; x_wconf 86' lang='lat' dir='ltr'><strong>Parthorum</strong></span> <span class='ocrx_word' id='word_1_175' title='bbox 1022 1912 1176 1972; x_wconf 87' lang='lat' dir='ltr'><strong>insolentia</strong></span> <span class='ocrx_word' id='word_1_176' title='bbox 1189 1923 1220 1971; x_wconf 91' lang='lat' dir='ltr'><strong>et</strong></span> <span class='ocrx_word' id='word_1_177' title='bbox 1234 1917 1302 1971; x_wconf 80' lang='lat' dir='ltr'><strong>dru-</strong></span> 
     </span>
     <span class='ocr_line' id='line_1_22' title="bbox 238 1990 1303 2073; baseline -0.004 -20"><span class='ocrx_word' id='word_1_178' title='bbox 238 1994 360 2055; x_wconf 88' lang='lat' dir='ltr'><strong>delitate</strong></span> <span class='ocrx_word' id='word_1_179' title='bbox 368 1994 547 2073; x_wconf 83' lang='lat' dir='ltr'><strong>exasperati,</strong></span> <span class='ocrx_word' id='word_1_180' title='bbox 556 1992 1008 2073; x_wconf 85' lang='lat' dir='ltr'><strong>continuolidem,qnahisfuere</strong></span> <span class='ocrx_word' id='word_1_181' title='bbox 1016 1990 1157 2061; x_wconf 89' lang='lat' dir='ltr'><strong>adstricti,</strong></span> <span class='ocrx_word' id='word_1_182' title='bbox 1165 2007 1303 2069; x_wconf 87' lang='lat' dir='ltr'><strong>rumpere</strong></span> 
     </span>
     <span class='ocr_line' id='line_1_23' title="bbox 239 2070 1302 2151; baseline -0.003 -20"><span class='ocrx_word' id='word_1_183' title='bbox 239 2073 416 2133; x_wconf 82' lang='lat' dir='ltr'><strong>nitebantur.</strong></span> <span class='ocrx_word' id='word_1_184' title='bbox 446 2070 1302 2151; x_wconf 83' lang='lat' dir='ltr'><strong>PrimoresParthorumfrequentasseditionemmovebant,</strong></span> 
     </span>
     <span class='ocr_line' id='line_1_24' title="bbox 238 2149 1302 2231; baseline -0.008 -17"><span class='ocrx_word' id='word_1_185' title='bbox 238 2152 373 2231; x_wconf 84' lang='lat' dir='ltr'><strong>Regique</strong></span> <span class='ocrx_word' id='word_1_186' title='bbox 387 2151 472 2230; x_wconf 91' lang='lat' dir='ltr'><strong>pulso</strong></span> <span class='ocrx_word' id='word_1_187' title='bbox 485 2151 574 2209; x_wconf 92' lang='lat' dir='ltr'><strong>alium</strong></span> <span class='ocrx_word' id='word_1_188' title='bbox 588 2170 624 2210; x_wconf 87' lang='lat' dir='ltr'><strong>ea</strong></span> <span class='ocrx_word' id='word_1_189' title='bbox 637 2162 735 2209; x_wconf 89' lang='lat' dir='ltr'><strong>mente</strong></span> <span class='ocrx_word' id='word_1_190' title='bbox 748 2150 923 2229; x_wconf 78' lang='lat' dir='ltr'><strong>aliquotiens</strong></span> <span class='ocrx_word' id='word_1_191' title='bbox 938 2152 1095 2229; x_wconf 85' lang='lat' dir='ltr'><strong>abrogasse</strong></span> <span class='ocrx_word' id='word_1_192' title='bbox 1108 2149 1253 2219; x_wconf 88' lang='lat' dir='ltr'><strong>ridentur,</strong></span> <span class='ocrx_word' id='word_1_193' title='bbox 1267 2159 1302 2206; x_wconf 88' lang='lat' dir='ltr'><strong>ut</strong></span> 
     </span>
     <span class='ocr_line' id='line_1_25' title="bbox 239 2228 1366 2289; baseline -0.004 0"><span class='ocrx_word' id='word_1_194' title='bbox 239 2231 343 2289; x_wconf 87' lang='lat' dir='ltr'><strong>saltem</strong></span> <span class='ocrx_word' id='word_1_195' title='bbox 357 2249 462 2288; x_wconf 88' lang='lat' dir='ltr'><strong>novam</strong></span> <span class='ocrx_word' id='word_1_196' title='bbox 474 2229 612 2288; x_wconf 89' lang='lat' dir='ltr'><strong>turbandi</strong></span> <span class='ocrx_word' id='word_1_197' title='bbox 625 2248 724 2289; x_wconf 91' lang='lat' dir='ltr'><strong>ausam</strong></span> <span class='ocrx_word' id='word_1_198' title='bbox 736 2229 890 2289; x_wconf 89' lang='lat' dir='ltr'><strong>haberent.</strong></span> <span class='ocrx_word' id='word_1_199' title='bbox 932 2230 1102 2289; x_wconf 89' lang='lat' dir='ltr'><strong>Castrorum</strong></span> <span class='ocrx_word' id='word_1_200' title='bbox 1117 2228 1258 2287; x_wconf 90' lang='lat' dir='ltr'><strong>tumultus</strong></span> <span class='ocrx_word' id='word_1_201' title='bbox 1271 2238 1302 2286; x_wconf 90' lang='lat' dir='ltr'><strong>et</strong></span> <span class='ocrx_word' id='word_1_202' title='bbox 1363 2252 1366 2255; x_wconf 92' lang='lat'>·</span> 
     </span>
     <span class='ocr_line' id='line_1_26' title="bbox 240 2306 1303 2387; baseline -0.003 -19"><span class='ocrx_word' id='word_1_203' title='bbox 240 2308 380 2369; x_wconf 78' lang='lat' dir='ltr'><strong>alitenata</strong></span> <span class='ocrx_word' id='word_1_204' title='bbox 393 2306 513 2367; x_wconf 86' lang='lat' dir='ltr'><strong>licentis</strong></span> <span class='ocrx_word' id='word_1_205' title='bbox 526 2307 674 2387; x_wconf 89' lang='lat' dir='ltr'><strong>Principes</strong></span> <span class='ocrx_word' id='word_1_206' title='bbox 690 2308 755 2387; x_wconf 79' lang='lat' dir='ltr'><strong>J&#39;ugi</strong></span> <span class='ocrx_word' id='word_1_207' title='bbox 775 2307 960 2387; x_wconf 83' lang='lat' dir='ltr'><strong>impatientes</strong></span> <span class='ocrx_word' id='word_1_208' title='bbox 979 2307 1152 2381; x_wconf 81' lang='lat' dir='ltr'><strong>reddebant,</strong></span> <span class='ocrx_word' id='word_1_209' title='bbox 1165 2306 1303 2368; x_wconf 87' lang='lat' dir='ltr'><strong>nobilita-</strong></span> 
     </span>
     <span class='ocr_line' id='line_1_27' title="bbox 240 2378 1302 2466; baseline -0.004 -19"><span class='ocrx_word' id='word_1_210' title='bbox 240 2387 262 2447; x_wconf 91' lang='lat' dir='ltr'><strong>ti</strong></span> <span class='ocrx_word' id='word_1_211' title='bbox 284 2406 322 2446; x_wconf 92' lang='lat' dir='ltr'><strong>ue</strong></span> <span class='ocrx_word' id='word_1_212' title='bbox 337 2386 368 2444; x_wconf 91' lang='lat' dir='ltr'><strong>in</strong></span> <span class='ocrx_word' id='word_1_213' title='bbox 384 2406 458 2466; x_wconf 90' lang='lat' dir='ltr'><strong>pace</strong></span> <span class='ocrx_word' id='word_1_214' title='bbox 478 2385 579 2445; x_wconf 90' lang='lat' dir='ltr'><strong>durius</strong></span> <span class='ocrx_word' id='word_1_215' title='bbox 598 2386 749 2446; x_wconf 89' lang='lat' dir='ltr'><strong>servitium</strong></span> <span class='ocrx_word' id='word_1_216' title='bbox 763 2398 835 2447; x_wconf 90' lang='lat' dir='ltr'><strong>erat.</strong></span> <span class='ocrx_word' id='word_1_217' title='bbox 876 2388 955 2447; x_wconf 90' lang='lat' dir='ltr'><strong>Hinc</strong></span> <span class='ocrx_word' id='word_1_218' title='bbox 975 2385 1094 2465; x_wconf 89' lang='lat' dir='ltr'><strong>Imperii</strong></span> <span class='ocrx_word' id='word_1_219' title='bbox 1116 2378 1208 2444; x_wconf 84' lang='lat' dir='ltr'><strong>orariis</strong></span> <span class='ocrx_word' id='word_1_220' title='bbox 1228 2386 1302 2443; x_wconf 84' lang='lat' dir='ltr'><strong>urdo</strong></span> 
     </span>
     <span class='ocr_line' id='line_1_28' title="bbox 239 2406 1303 2545; baseline -0.004 -20"><span class='ocrx_word' id='word_1_221' title='bbox 239 2406 406 2536; x_wconf 71' lang='lat' dir='ltr'><strong>aliisversua</strong></span> <span class='ocrx_word' id='word_1_222' title='bbox 417 2486 482 2525; x_wconf 90' lang='lat' dir='ltr'><strong>rara</strong></span> <span class='ocrx_word' id='word_1_223' title='bbox 491 2464 741 2545; x_wconf 86' lang='lat' dir='ltr'><strong>quies‚visomnis</strong></span> <span class='ocrx_word' id='word_1_224' title='bbox 751 2464 905 2535; x_wconf 88' lang='lat' dir='ltr'><strong>inminuta,</strong></span> <span class='ocrx_word' id='word_1_225' title='bbox 914 2466 1010 2525; x_wconf 84' lang='lat' dir='ltr'><strong>fracta</strong></span> <span class='ocrx_word' id='word_1_226' title='bbox 1018 2462 1145 2544; x_wconf 88' lang='lat' dir='ltr'><strong>denique</strong></span> <span class='ocrx_word' id='word_1_227' title='bbox 1155 2464 1303 2542; x_wconf 88' lang='lat' dir='ltr'><strong>ingr-&#39;uenti</strong></span> 
     </span>
     <span class='ocr_line' id='line_1_29' title="bbox 241 2543 1304 2625; baseline -0.003 -21"><span class='ocrx_word' id='word_1_228' title='bbox 241 2545 405 2604; x_wconf 85' lang='lat' dir='ltr'><strong>Artaxerxi</strong></span> <span class='ocrx_word' id='word_1_229' title='bbox 417 2544 692 2623; x_wconf 86' lang='lat' dir='ltr'><strong>resisterenequirit</strong></span> <span class='ocrx_word' id='word_1_230' title='bbox 701 2543 835 2622; x_wconf 87' lang='lat' dir='ltr'><strong>amplius.</strong></span> <span class='ocrx_word' id='word_1_231' title='bbox 874 2544 925 2604; x_wconf 84' lang='lat' dir='ltr'><strong>Sic</strong></span> <span class='ocrx_word' id='word_1_232' title='bbox 935 2554 1002 2623; x_wconf 91' lang='lat' dir='ltr'><strong>post</strong></span> <span class='ocrx_word' id='word_1_233' title='bbox 1010 2543 1239 2625; x_wconf 74' lang='lat' dir='ltr'><strong>quadringentos</strong></span> <span class='ocrx_word' id='word_1_234' title='bbox 1248 2560 1304 2608; x_wconf 86' lang='lat' dir='ltr'><strong>sex</strong></span> 
     </span>
    </p>
   </div>
   <div class='ocr_carea' id='block_1_3' title="bbox 153 2621 1303 2702">
    <p class='ocr_par' dir='ltr' id='par_1_3' title="bbox 153 2621 1303 2702">
     <span class='ocr_line' id='line_1_30' title="bbox 153 2621 1303 2702; baseline -0.003 -20"><span class='ocrx_word' id='word_1_235' title='bbox 153 2650 156 2655; x_wconf 96' lang='lat'>·</span> <span class='ocrx_word' id='word_1_236' title='bbox 241 2635 272 2682; x_wconf 92' lang='lat' dir='ltr'><strong>et</strong></span> <span class='ocrx_word' id='word_1_237' title='bbox 289 2624 486 2701; x_wconf 88' lang='lat' dir='ltr'><strong>septuaginta,</strong></span> <span class='ocrx_word' id='word_1_238' title='bbox 505 2642 544 2682; x_wconf 84' lang='lat' dir='ltr'><strong>ex</strong></span> <span class='ocrx_word' id='word_1_239' title='bbox 557 2641 617 2702; x_wconf 93' lang='lat' dir='ltr'><strong>quo</strong></span> <span class='ocrx_word' id='word_1_240' title='bbox 630 2634 774 2701; x_wconf 89' lang='lat' dir='ltr'><strong>coeperat,</strong></span> <span class='ocrx_word' id='word_1_241' title='bbox 787 2640 889 2692; x_wconf 87' lang='lat' dir='ltr'><strong>annos,</strong></span> <span class='ocrx_word' id='word_1_242' title='bbox 908 2642 1042 2682; x_wconf 87' lang='lat' dir='ltr'><strong>eversum</strong></span> <span class='ocrx_word' id='word_1_243' title='bbox 1061 2634 1107 2681; x_wconf 92' lang='lat' dir='ltr'><strong>est</strong></span> <span class='ocrx_word' id='word_1_244' title='bbox 1127 2621 1303 2681; x_wconf 89' lang='lat' dir='ltr'><strong>Parthorum</strong></span> 
     </span>
    </p>
   </div>
   <div class='ocr_carea' id='block_1_4' title="bbox 240 2700 1304 3019">
    <p class='ocr_par' dir='ltr' id='par_1_4' title="bbox 240 2700 1304 3019">
     <span class='ocr_line' id='line_1_31' title="bbox 240 2700 1303 2839; baseline -0.005 -77"><span class='ocrx_word' id='word_1_245' title='bbox 240 2702 410 2779; x_wconf 88' lang='lat' dir='ltr'><strong>Imperium,</strong></span> <span class='ocrx_word' id='word_1_246' title='bbox 424 2702 504 2839; x_wconf 65' lang='lat' dir='ltr'><strong>guod</strong></span> <span class='ocrx_word' id='word_1_247' title='bbox 519 2702 718 2762; x_wconf 89' lang='lat' dir='ltr'><strong>Romanorum</strong></span> <span class='ocrx_word' id='word_1_248' title='bbox 731 2701 872 2793; x_wconf 81' lang='lat' dir='ltr'><strong>pptentiae</strong></span> <span class='ocrx_word' id='word_1_249' title='bbox 891 2701 1003 2761; x_wconf 89' lang='lat' dir='ltr'><strong>tamdiu</strong></span> <span class='ocrx_word' id='word_1_250' title='bbox 1015 2700 1171 2769; x_wconf 87' lang='lat' dir='ltr'><strong>restiterat,</strong></span> <span class='ocrx_word' id='word_1_251' title='bbox 1184 2700 1303 2778; x_wconf 89' lang='lat' dir='ltr'><strong>suisque</strong></span> 
     </span>
     <span class='ocr_line' id='line_1_32' title="bbox 240 2778 1304 2874; baseline -0.004 -33"><span class='ocrx_word' id='word_1_252' title='bbox 240 2779 338 2874; x_wconf 89' lang='lat' dir='ltr'><strong>potius</strong></span> <span class='ocrx_word' id='word_1_253' title='bbox 356 2780 425 2839; x_wconf 89' lang='lat' dir='ltr'><strong>dissi</strong></span> <span class='ocrx_word' id='word_1_254' title='bbox 445 2781 491 2853; x_wconf 90' lang='lat' dir='ltr'><strong>iis,</strong></span> <span class='ocrx_word' id='word_1_255' title='bbox 505 2800 592 2859; x_wconf 90' lang='lat' dir='ltr'><strong>quam</strong></span> <span class='ocrx_word' id='word_1_256' title='bbox 610 2780 756 2839; x_wconf 80' lang='lat' dir='ltr'><strong>consinus</strong></span> <span class='ocrx_word' id='word_1_257' title='bbox 776 2779 870 2851; x_wconf 88' lang='lat' dir='ltr'><strong>bellis,</strong></span> <span class='ocrx_word' id='word_1_258' title='bbox 885 2781 1068 2840; x_wconf 89' lang='lat' dir='ltr'><strong>debilitatum</strong></span> <span class='ocrx_word' id='word_1_259' title='bbox 1081 2778 1147 2839; x_wconf 87' lang='lat' dir='ltr'><strong>ruit.</strong></span> <span class='ocrx_word' id='word_1_260' title='bbox 1188 2779 1304 2837; x_wconf 88' lang='lat' dir='ltr'><strong>Fovent</strong></span> 
     </span>
     <span class='ocr_line' id='line_1_33' title="bbox 240 2856 1304 2939; baseline -0.004 -21"><span class='ocrx_word' id='word_1_261' title='bbox 240 2879 271 2918; x_wconf 86' lang='lat' dir='ltr'><strong>ru</strong></span> <span class='ocrx_word' id='word_1_262' title='bbox 284 2859 351 2918; x_wconf 89' lang='lat' dir='ltr'><strong>sinu</strong></span> <span class='ocrx_word' id='word_1_263' title='bbox 363 2878 417 2919; x_wconf 92' lang='lat' dir='ltr'><strong>suo</strong></span> <span class='ocrx_word' id='word_1_264' title='bbox 430 2879 537 2939; x_wconf 89' lang='lat' dir='ltr'><strong>magna</strong></span> <span class='ocrx_word' id='word_1_265' title='bbox 548 2858 676 2939; x_wconf 88' lang='lat' dir='ltr'><strong>Imperia</strong></span> <span class='ocrx_word' id='word_1_266' title='bbox 688 2858 922 2919; x_wconf 83' lang='lat' dir='ltr'><strong>vicissitudinum</strong></span> <span class='ocrx_word' id='word_1_267' title='bbox 934 2878 1052 2920; x_wconf 91' lang='lat' dir='ltr'><strong>suarum</strong></span> <span class='ocrx_word' id='word_1_268' title='bbox 1061 2858 1193 2919; x_wconf 86' lang='lat' dir='ltr'><strong>fomitem</strong></span> <span class='ocrx_word' id='word_1_269' title='bbox 1206 2856 1304 2916; x_wconf 84' lang='lat' dir='ltr'><strong>exitii·</strong></span> 
     </span>
     <span class='ocr_line' id='line_1_34' title="bbox 241 2937 1237 3019; baseline -0.002 -20"><span class='ocrx_word' id='word_1_270' title='bbox 241 2957 300 3019; x_wconf 89' lang='lat' dir='ltr'><strong>que</strong></span> <span class='ocrx_word' id='word_1_271' title='bbox 313 2956 455 2999; x_wconf 89' lang='lat' dir='ltr'><strong>caussam.</strong></span> <span class='ocrx_word' id='word_1_272' title='bbox 494 2939 624 2999; x_wconf 90' lang='lat' dir='ltr'><strong>Pereunt</strong></span> <span class='ocrx_word' id='word_1_273' title='bbox 637 2938 767 3009; x_wconf 86' lang='lat' dir='ltr'><strong>taudem,</strong></span> <span class='ocrx_word' id='word_1_274' title='bbox 782 2937 893 2997; x_wconf 90' lang='lat' dir='ltr'><strong>dudum</strong></span> <span class='ocrx_word' id='word_1_275' title='bbox 905 2938 975 3019; x_wconf 89' lang='lat' dir='ltr'><strong>quia</strong></span> <span class='ocrx_word' id='word_1_276' title='bbox 986 2938 1082 3018; x_wconf 90' lang='lat' dir='ltr'><strong>perire</strong></span> <span class='ocrx_word' id='word_1_277' title='bbox 1091 2946 1237 3015; x_wconf 89' lang='lat' dir='ltr'><strong>poterant.</strong></span> 
     </span>
    </p>
   </div>
   <div class='ocr_carea' id='block_1_5' title="bbox 239 3092 1340 3752">
    <p class='ocr_par' dir='ltr' id='par_1_5' title="bbox 239 3092 1306 3291">
     <span class='ocr_line' id='line_1_35' title="bbox 276 3092 1306 3161; baseline -0.002 -14"><span class='ocrx_word' id='word_1_278' title='bbox 276 3099 376 3147; x_wconf 80' lang='lat' dir='ltr'><strong>Nonum</strong></span> <span class='ocrx_word' id='word_1_279' title='bbox 382 3095 448 3144; x_wconf 72' lang='lat' dir='ltr'><strong>cord.</strong></span> <span class='ocrx_word' id='word_1_280' title='bbox 458 3098 537 3161; x_wconf 70' lang='lat' dir='ltr'><strong>Imp]</strong></span> <span class='ocrx_word' id='word_1_281' title='bbox 554 3094 1088 3146; x_wconf 70' lang='lat' dir='ltr'><strong>canoanan.sur1’amtsmmenimna</strong></span> <span class='ocrx_word' id='word_1_282' title='bbox 1100 3092 1175 3143; x_wconf 77' lang='lat' dir='ltr'><strong>Mem</strong></span> <span class='ocrx_word' id='word_1_283' title='bbox 1182 3092 1306 3145; x_wconf 82' lang='lat' dir='ltr'><strong>del’Aead.</strong></span> 
     </span>
     <span class='ocr_line' id='line_1_36' title="bbox 239 3160 1247 3291; baseline -0.002 -16"><span class='ocrx_word' id='word_1_284' title='bbox 239 3162 266 3211; x_wconf 46' lang='grc' dir='ltr'>ὼ</span> <span class='ocrx_word' id='word_1_285' title='bbox 274 3160 464 3291; x_wconf 58' lang='lat' dir='ltr'><strong>ili&#39;lliitl&#39;j</strong></span> <span class='ocrx_word' id='word_1_286' title='bbox 479 3161 590 3276; x_wconf 49' lang='lat' dir='ltr'><strong>isidam</strong></span> <span class='ocrx_word' id='word_1_287' title='bbox 600 3226 684 3276; x_wconf 69' lang='lat' dir='ltr'><strong>omre</strong></span> <span class='ocrx_word' id='word_1_288' title='bbox 694 3225 893 3290; x_wconf 70' lang='lat' dir='ltr'><strong>antiquissumos</strong></span> <span class='ocrx_word' id='word_1_289' title='bbox 903 3225 985 3275; x_wconf 77' lang='lat' dir='ltr'><strong>smus</strong></span> <span class='ocrx_word' id='word_1_290' title='bbox 995 3224 1035 3275; x_wconf 84' lang='lat' dir='ltr'><strong>aa</strong></span> <span class='ocrx_word' id='word_1_291' title='bbox 1044 3224 1184 3275; x_wconf 73' lang='lat' dir='ltr'><strong>saeorum</strong></span> <span class='ocrx_word' id='word_1_292' title='bbox 1193 3224 1247 3273; x_wconf 74' lang='lat' dir='ltr'><strong>aaa</strong></span> 
     </span>
    </p>

    <p class='ocr_par' dir='ltr' id='par_1_6' title="bbox 274 3291 1340 3357">
     <span class='ocr_line' id='line_1_37' title="bbox 274 3291 1340 3357; baseline -0.001 -17"><span class='ocrx_word' id='word_1_293' title='bbox 274 3292 350 3340; x_wconf 68' lang='lat' dir='ltr'><strong>Solem</strong></span> <span class='ocrx_word' id='word_1_294' title='bbox 362 3292 405 3339; x_wconf 87' lang='lat' dir='ltr'><strong>Or.</strong></span> <span class='ocrx_word' id='word_1_295' title='bbox 417 3292 506 3356; x_wconf 78' lang='lat' dir='ltr'><strong>Reges]</strong></span> <span class='ocrx_word' id='word_1_296' title='bbox 523 3291 621 3354; x_wconf 85' lang='lat' dir='ltr'><strong>Jaseph.</strong></span> <span class='ocrx_word' id='word_1_297' title='bbox 631 3294 672 3347; x_wconf 77' lang='lat'><strong>20,</strong></span> <span class='ocrx_word' id='word_1_298' title='bbox 681 3293 704 3338; x_wconf 77' lang='lat'><em>2</em></span> <span class='ocrx_word' id='word_1_299' title='bbox 717 3293 740 3339; x_wconf 85' lang='grc'><strong>3.</strong></span> <span class='ocrx_word' id='word_1_300' title='bbox 1338 3348 1340 3357; x_wconf 64' lang='lat'><strong>.</strong></span> 
     </span>
    </p>

    <p class='ocr_par' dir='ltr' id='par_1_7' title="bbox 275 3352 1303 3421">
     <span class='ocr_line' id='line_1_38' title="bbox 275 3352 1303 3421; baseline 0 -18"><span class='ocrx_word' id='word_1_301' title='bbox 275 3356 396 3403; x_wconf 74' lang='lat' dir='ltr'><strong>Nmraro</strong></span> <span class='ocrx_word' id='word_1_302' title='bbox 401 3356 434 3403; x_wconf 87' lang='grc' dir='ltr'><strong>Ρ.</strong></span> <span class='ocrx_word' id='word_1_303' title='bbox 445 3356 532 3421; x_wconf 79' lang='lat' dir='ltr'><strong>Reges]</strong></span> <span class='ocrx_word' id='word_1_304' title='bbox 548 3356 692 3421; x_wconf 78' lang='lat' dir='ltr'><strong>Exemplum</strong></span> <span class='ocrx_word' id='word_1_305' title='bbox 699 3354 822 3403; x_wconf 85' lang='lat' dir='ltr'><strong>Phrahatis</strong></span> <span class='ocrx_word' id='word_1_306' title='bbox 830 3354 996 3407; x_wconf 81' lang='lat' dir='ltr'><strong>exbibe&#39;thlon.</strong></span> <span class='ocrx_word' id='word_1_307' title='bbox 1007 3355 1095 3419; x_wconf 86' lang='lat' dir='ltr'><strong>Ancyr.</strong></span> <span class='ocrx_word' id='word_1_308' title='bbox 1101 3356 1148 3404; x_wconf 89' lang='lat' dir='ltr'><strong>tab.</strong></span> <span class='ocrx_word' id='word_1_309' title='bbox 1159 3356 1205 3405; x_wconf 74' lang='lat' dir='ltr'><strong>aa</strong></span> <span class='ocrx_word' id='word_1_310' title='bbox 1213 3352 1303 3403; x_wconf 86' lang='lat' dir='ltr'><strong>dextra.</strong></span> 
     </span>
    </p>

    <p class='ocr_par' dir='ltr' id='par_1_8' title="bbox 273 3419 868 3550">
     <span class='ocr_line' id='line_1_39' title="bbox 273 3419 868 3550; baseline 0 -17"><span class='ocrx_word' id='word_1_311' title='bbox 273 3421 371 3533; x_wconf 50' lang='lat' dir='ltr'><strong>dm</strong></span> <span class='ocrx_word' id='word_1_312' title='bbox 379 3419 606 3550; x_wconf 48' lang='lat' dir='ltr'><strong>diuitibus.</strong></span> <span class='ocrx_word' id='word_1_313' title='bbox 616 3483 683 3532; x_wconf 78' lang='lat' dir='ltr'><strong>Ana.</strong></span> <span class='ocrx_word' id='word_1_314' title='bbox 694 3485 733 3544; x_wconf 89' lang='lat'><strong>11,</strong></span> <span class='ocrx_word' id='word_1_315' title='bbox 746 3486 784 3533; x_wconf 84' lang='lat' dir='ltr'><strong>ro.</strong></span> <span class='ocrx_word' id='word_1_316' title='bbox 867 3452 868 3455; x_wconf 24' lang='lat'>¹</span> 
     </span>
    </p>

    <p class='ocr_par' dir='ltr' id='par_1_9' title="bbox 242 3546 1305 3752">
     <span class='ocr_line' id='line_1_40' title="bbox 275 3546 1303 3613; baseline -0.001 -17"><span class='ocrx_word' id='word_1_317' title='bbox 275 3549 335 3597; x_wconf 80' lang='lat' dir='ltr'><strong>Post</strong></span> <span class='ocrx_word' id='word_1_318' title='bbox 344 3548 425 3611; x_wconf 73' lang='lat' dir='ltr'><strong>quadr.</strong></span> <span class='ocrx_word' id='word_1_319' title='bbox 436 3558 493 3613; x_wconf 79' lang='lat' dir='ltr'><strong>sapt.</strong></span> <span class='ocrx_word' id='word_1_320' title='bbox 503 3566 543 3597; x_wconf 78' lang='lat' dir='ltr'><strong>sea</strong></span> <span class='ocrx_word' id='word_1_321' title='bbox 553 3564 624 3597; x_wconf 77' lang='lat' dir='ltr'><strong>aanor</strong></span> <span class='ocrx_word' id='word_1_322' title='bbox 654 3547 710 3606; x_wconf 78' lang='lat' dir='ltr'><strong>Alii,</strong></span> <span class='ocrx_word' id='word_1_323' title='bbox 721 3549 746 3595; x_wconf 88' lang='lat' dir='ltr'><strong>in</strong></span> <span class='ocrx_word' id='word_1_324' title='bbox 756 3549 793 3597; x_wconf 89' lang='lat' dir='ltr'><strong>his</strong></span> <span class='ocrx_word' id='word_1_325' title='bbox 804 3548 918 3609; x_wconf 83' lang='lat' dir='ltr'><strong>Freretus,</strong></span> <span class='ocrx_word' id='word_1_326' title='bbox 930 3547 1018 3598; x_wconf 87' lang='lat' dir='ltr'><strong>diutius</strong></span> <span class='ocrx_word' id='word_1_327' title='bbox 1034 3550 1110 3598; x_wconf 89' lang='lat' dir='ltr'><strong>multo</strong></span> <span class='ocrx_word' id='word_1_328' title='bbox 1118 3546 1255 3597; x_wconf 85' lang='lat' dir='ltr'><strong>Parthicum</strong></span> <span class='ocrx_word' id='word_1_329' title='bbox 1267 3564 1303 3595; x_wconf 87' lang='lat' dir='ltr'><strong>re·</strong></span> 
     </span>
     <span class='ocr_line' id='line_1_41' title="bbox 242 3612 1305 3678; baseline -0.002 -16"><span class='ocrx_word' id='word_1_330' title='bbox 242 3627 317 3677; x_wconf 80' lang='lat' dir='ltr'><strong>gnum</strong></span> <span class='ocrx_word' id='word_1_331' title='bbox 332 3613 426 3662; x_wconf 88' lang='lat' dir='ltr'><strong>durasse</strong></span> <span class='ocrx_word' id='word_1_332' title='bbox 438 3621 552 3669; x_wconf 82' lang='lat' dir='ltr'><strong>statuum,</strong></span> <span class='ocrx_word' id='word_1_333' title='bbox 568 3629 583 3661; x_wconf 84' lang='lat' dir='ltr'><strong>a</strong></span> <span class='ocrx_word' id='word_1_334' title='bbox 663 3628 690 3661; x_wconf 87' lang='lat' dir='ltr'><strong>oo</strong></span> <span class='ocrx_word' id='word_1_335' title='bbox 704 3613 761 3678; x_wconf 83' lang='lat' dir='ltr'><strong>quip</strong></span> <span class='ocrx_word' id='word_1_336' title='bbox 778 3628 791 3661; x_wconf 86' lang='lat' dir='ltr'><strong>e</strong></span> <span class='ocrx_word' id='word_1_337' title='bbox 803 3613 912 3663; x_wconf 87' lang='lat' dir='ltr'><strong>Nicatore</strong></span> <span class='ocrx_word' id='word_1_338' title='bbox 922 3628 942 3662; x_wconf 88' lang='lat' dir='ltr'><strong>a.</strong></span> <span class='ocrx_word' id='word_1_339' title='bbox 954 3614 1010 3663; x_wconf 81' lang='lat'><strong>311.</strong></span> <span class='ocrx_word' id='word_1_340' title='bbox 1021 3614 1055 3663; x_wconf 82' lang='lat' dir='ltr'><strong>A.</strong></span> <span class='ocrx_word' id='word_1_341' title='bbox 1067 3612 1096 3663; x_wconf 84' lang='lat' dir='ltr'><strong>C.</strong></span> <span class='ocrx_word' id='word_1_342' title='bbox 1112 3612 1217 3661; x_wconf 83' lang='lat' dir='ltr'><strong>defecisse</strong></span> <span class='ocrx_word' id='word_1_343' title='bbox 1231 3612 1305 3661; x_wconf 83' lang='lat' dir='ltr'><strong>Arsa·</strong></span> 
     </span>
     <span class='ocr_line' id='line_1_42' title="bbox 242 3676 1304 3752; baseline -0.003 -24"><span class='ocrx_word' id='word_1_344' title='bbox 242 3694 292 3728; x_wconf 85' lang='lat' dir='ltr'><strong>aem</strong></span> <span class='ocrx_word' id='word_1_345' title='bbox 302 3678 369 3739; x_wconf 77' lang='lat' dir='ltr'><strong>Lmi</strong></span> <span class='ocrx_word' id='word_1_346' title='bbox 376 3678 479 3743; x_wconf 85' lang='lat' dir='ltr'><strong>opinioni</strong></span> <span class='ocrx_word' id='word_1_347' title='bbox 488 3677 564 3728; x_wconf 81' lang='lat' dir='ltr'><strong>favere</strong></span> <span class='ocrx_word' id='word_1_348' title='bbox 573 3692 682 3727; x_wconf 82' lang='lat' dir='ltr'><strong>nummos</strong></span> <span class='ocrx_word' id='word_1_349' title='bbox 691 3677 757 3727; x_wconf 87' lang='lat' dir='ltr'><strong>docet</strong></span> <span class='ocrx_word' id='word_1_350' title='bbox 797 3677 859 3727; x_wconf 85' lang='lat' dir='ltr'><strong>khel.</strong></span> <span class='ocrx_word' id='word_1_351' title='bbox 871 3678 896 3726; x_wconf 91' lang='lat' dir='ltr'><strong>in</strong></span> <span class='ocrx_word' id='word_1_352' title='bbox 906 3677 978 3727; x_wconf 85' lang='lat' dir='ltr'><strong>doctr.</strong></span> <span class='ocrx_word' id='word_1_353' title='bbox 990 3678 1051 3729; x_wconf 84' lang='lat' dir='ltr'><strong>NN.</strong></span> <span class='ocrx_word' id='word_1_354' title='bbox 1062 3685 1107 3752; x_wconf 76' lang='lat' dir='ltr'><strong>ret</strong></span> <span class='ocrx_word' id='word_1_355' title='bbox 1118 3678 1165 3737; x_wconf 80' lang='lat' dir='ltr'><strong>rol.</strong></span> <span class='ocrx_word' id='word_1_356' title='bbox 1175 3679 1199 3725; x_wconf 84' lang='lat'><strong>3.</strong></span> <span class='ocrx_word' id='word_1_357' title='bbox 1211 3693 1236 3742; x_wconf 90' lang='lat' dir='ltr'><strong>p.</strong></span> <span class='ocrx_word' id='word_1_358' title='bbox 1246 3676 1304 3749; x_wconf 67' lang='lat' dir='ltr'><strong>afli.</strong></span> 
     </span>
    </p>
   </div>
   <div class='ocr_carea' id='block_1_6' title="bbox 0 0 1534 4967">
    <p class='ocr_par' dir='ltr' id='par_1_10' title="bbox 0 0 1534 4967">
     <span class='ocr_line' id='line_1_43' title="bbox 0 0 1534 4967; baseline 0 0"><span class='ocrx_word' id='word_1_359' title='bbox 0 0 1534 4967; x_wconf 95' lang='lat' dir='ltr'><strong> </strong></span> 
     </span>
    </p>
   </div>
  </div>
 </body>
</html>
