3034 4967
554 225 616 284 AD
637 221 797 282 ANN'AL.
816 221 896 281 Ltta
915 219 973 283 Ill.
1244 231 1299 296 l37

230 430 233 436 ·
267 394 383 453 Carur
393 391 431 452 ‹le
442 400 528 452 erote
538 409 642 459 eornm,
653 389 702 469 qui
716 389 861 460 dormant,
871 385 970 480 mene
983 388 1123 450 mena
1143 393 1188 455 Eo
1199 394 1298 474 capite

228 484 359 541 cautum,
371 492 408 531 ne
419 471 522 530 mulier
531 470 744 549 quinquaginta
754 469 837 528 annis
847 488 942 527 mmor
950 472 1144 546 sexagenario
1156 475 1298 548 nuberet3

229 572 287 610 neu
305 551 349 610 vir
368 551 461 609 minor
480 550 635 626 sexaginta
649 547 929 626 quinquagenariam
948 548 1083 608 duceret.
1122 552 1298 616 Lactantius

233 636 258 699 l,
277 635 321 690 16.
337 631 460 690 Senecae
473 629 569 688 verbis
582 651 589 684 ε
615 627 694 705 Quid
707 649 778 704 ergo
790 640 843 696 ert,
856 648 945 704 quare
956 629 1033 708 apud
1040 642 1142 705 poetas
1154 633 1299 695 salacissi-

230 733 290 770 mus
299 710 415 788 Jupiter
424 709 541 770 desierit
554 707 657 766 liberos
668 708 795 766 tollere?
814 721 909 764 utrum
921 709 1123 787 sexagenarius
1129 711 1233 787 foretur
1247 728 1300 787 eat,

230 789 315 849 et'illi
328 791 376 848 len
386 789 483 867 Papio
492 786 615 868 fibulum
632 785 788 921 imposuit?
808 806 844 843 on
863 785 1023 866 impetrauit
1032 791 1089 868 jur
1103 789 1186 849 trium
1199 789 1301 853 libero·

230 870 316 928 rum?
354 871 394 928 Et
409 867 538 945 Apuleio
552 866 581 922 in
595 867 664 942 Apo
677 911 683 924 .
698 876 766 942 post
780 864 857 922 med.
872 865 901 922 in
918 865 1030 942 judicio
1042 868 1205 945 objectum,
1221 871 1301 949 quod

232 947 401 1007 Pudentilla
418 947 445 1006 ci
455 944 647 1004 'anno'oetotis
666 943 840 1024 sexagesimo
858 944 898 1002 od
912 943 1053 1004 libidinem
1075 948 1238 1025 nupstoer:
1259 948 1302 1009 vi-

232 1028 342 1086 delicet
361 1017 464 1085 contra
481 1023 727 1104 legemPapiam.
769 1022 850 1082 Huic
868 1035 968 1081 tamen
989 1024 1079 1103 capiti
1093 1027 1233 1087 Claudius
1250 1031 1303 1089 ab·

232 1107 356 1184 rogavit,
375 1115 408 1162 ut
427 1102 585 1163 Suetonius
606 1113 691 1161 notat
703 1106 752 1178 23.
795 1101 899 1184 Capiti,
921 1101 1027 1181 inquit,
1042 1105 1149 1183 Papira
1162 1107 1305 1188 Poppeeoe

233 1188 303 1266 legia
323 1207 341 1246 a
364 1183 476 1243 Tiberio
495 1184 619 1251 Coerore,
640 1183 721 1260 quasi
744 1183 927 1260 septenarii
946 1203 1086 1258 generare
1105 1207 1160 1244 non
1177 1204 1303 1264 portent,

231 1263 487 1344 edioroobrogaoit.
507 1261 658 1340 Legerim,
670 1261 768 1320 addito
778 1204 919 1321 veledito.
943 1253 1178 1323 Edictumoen'e
1188 1265 1304 1328 Claudii

232 1365 291 1402 non
303 1345 370 1414 fuit,
380 1342 433 1400 sed
446 1341 501 1402 SC.
523 1340 667 1418 Ulpianus
677 1340 707 1398 in
720 1341 837 1420 Fragm.
848 1340 926 1400 titul.
940 1346 985 1402 16.
1006 1342 1067 1400 Sed
1077 1343 1135 1404 SC.
1147 1345 1305 1409 Claudiano

233 1423 324 1501 major
342 1420 540 1501 nonagenario,
562 1420 740 1479 siminorum
773 1419 1011 1500 quinquagenaria
1033 1422 1167 1493 domaret,
1189 1430 1306 1502 perinde

233 1503 396 1570 nabebatur,
408 1522 443 1559 uo
451 1500 476 1560 si
485 1499 577 1559 minor
589 1498 736 1578 sexaginta
748 1521 883 1559 annorum
896 1501 1021 1560 ducaret
1029 1522 1153 1563 umorem.
1175 1505 1304 1577 Caussae,

234 1600 299 1659 quae
317 1579 477 1650 Tiberium,
498 1599 565 1658 quae
580 1578 736 1638 Claudiurn
758 1581 912 1647 moverint,
934 1581 964 1637 in
984 1592 1099 1658 aperto.
1139 1583 1207 1652 Ille,
1225 1587 1306 1664 quod

234 1659 391 1739 plurimum
411 1658 475 1718 lieri
495 1659 581 1728 solet,
604 1657 769 1735 spectavit:
791 1658 852 1729 hic,
872 1658 951 1736 quod
972 1677 1026 1736 per
1042 1671 1179 1720 naturam
1199 1678 1307 1742 potest,

236 1739 325 1798 Adeo
337 1749 437 1797 autem
449 1757 547 1798 amare
558 1748 589 1796 et
599 1738 692 1794 virum
705 1756 846 1796 exercere
857 1738 1068 1815 sexagenarius
1082 1752 1192 1816 potest,
1204 1756 1238 1802 ut
1250 1746 1309 1805 sint

234 1817 420 1894 octogenarii
435 1825 537 1885 senes,
561 1816 710 1893 iidemque
733 1829 832 1893 patres
855 1815 932 1874 inter
952 1818 1099 1895 exempla.
1140 1821 1184 1880 At
1204 1823 1309 1883 mulier

237 1895 489 1977 quinquagenaria
501 1896 605 1968 major,
620 1894 669 1950 vix
684 1905 740 1963 est,
755 1907 788 1952 ut
801 1894 968 1971 impleatur.

278 2054 393 2115 caper
408 2053 444 2112 de
455 2053 585 2114 libertate
600 2053 802 2132 conjungendi5
826 2052 906 2130 quod
922 2062 1020 2110 tamen
1034 2053 1152 2112 XXXV
1164 2057 1194 2114 in
1207 2059 1312 2119 ordine

237 2135 302 2194 fuit.
343 2133 513 2192 Marcianus
527 2133 545 2190 l.
563 2136 611 2191 19.
623 2130 661 2188 de
675 2135 733 2189 ritu
747 2143 831 2209 nupt.
874 2131 976 2210 Capite
989 2133 1226 2214 trigesimoqur'nto
1239 2140 1311 2220 legia

236 2213 338 2284 Julice,
360 2214 409 2292 qui
428 2213 541 2282 liberor,
563 2231 631 2290 quoe
651 2209 754 2270 babent
775 2211 803 2271 iu
819 2219 970 2289 potestate,
992 2213 1098 2290 injurio
1113 2217 1311 2294 prohibuerint

239 2294 343 2353 ducere
356 2313 458 2352 naiores
471 2293 518 2350 oet
533 2292 646 2360 nubere,
662 2291 708 2349 uel
719 2291 770 2369 qui
783 2290 874 2350 dotem
888 2292 959 2351 dure
971 2313 1028 2351 non
1046 2291 1166 2355 odunt:
1188 2317 1228 2356 ea·
1241 2319 1310 2357 eon.

238 2372 382 2432 stitutione
404 2380 457 2429 eto.
498 2369 599 2428 Simile
621 2367 650 2425 in
674 2368 797 2437 libertis,
821 2370 935 2428 etiamsi
959 2371 1133 2446 juraverint,
1153 2374 1173 2434 l.
1195 2379 1222 2439 7.
1261 2377 1311 2437 De

239 2452 337 2530 operis
350 2451 446 2510 libert.

280 2613 395 2672 Carus
410 2609 447 2668 de
464 2610 612 2670 interuallo
629 2609 762 2686 temporis
783 2631 801 2667 a
817 2621 907 2668 morte
925 2609 1053 2689 conjugis
1070 2614 1118 2670 nel
1133 2613 1260 2683 diuortio,
1276 2619 1316 2676 ad

240 2691 406 2770 mrrjuginm
415 2711 524 2750 novum.
546 2690 652 2768 Neque
663 2689 741 2747 enim
751 2690 876 2766 probata
885 2689 904 2748 J
907 2688 971 2745 ullis
981 2688 1099 2766 legibus
1110 2695 1312 2772 monogamia:

240 2769 295 2829 sed
308 2771 347 2829 ad
360 2769 576 2828 matrimonium
592 2788 657 2828 com
681 2767 735 2825 ulsi
754 2770 871 2837 iterum,
887 2767 975 2835 vidui,
992 2780 1043 2826 aut
1057 2769 1206 2848 disparati.
1245 2775 1315 2832 Dis-

242 2860 402 2926 creparunt
420 2849 449 2904 in
468 2861 602 2925 tempore
615 2790 698 2906 Julia
715 2862 746 2904 er
759 2846 862 2924 Papia.
902 2849 990 2917 Nam,
1012 2862 1045 2904 ut
1066 2848 1210 2928 Ulpianus
1231 2865 1316 2913 notat

239 2928 288 2990 tit.
305 2931 349 2988 14.
369 2927 498 2988 Feminis
518 2928 569 2984 lex
582 2926 694 2986 Juliaa
712 2926 886 2994 momenti,
903 2925 972 2984 anni
990 2927 1175 2986 vacationem
1194 2931 1314 2992 tribuit:

240 3027 260 3066 a
273 3007 409 3077 divortio,
422 3007 565 3066 mensium
580 3026 643 3066 sex.
664 3008 708 3064 At
721 3004 815 3082 Papia
826 3004 1011 3073 clementior,
1025 3020 1152 3064 amorre
1165 3008 1316 3085 biennium

240 3085 376 3153 indulsit;
393 3086 557 3164 arepudio‚
571 3105 680 3144 annum
694 3096 725 3144 et
739 3101 855 3142 menses
868 3102 932 3143 sex.
967 3082 1008 3140 ln'
1016 3083 1159 3144 Suetonio
1173 3087 1254 3164 Aug.
1264 3093 1314 3151 34.

242 3165 402 3224 triennium
421 3165 520 3241 leges:
542 3183 598 3224 nec
612 3164 643 3223 id
658 3176 688 3223 te
702 3164 813 3222 turbet.
854 3162 991 3221 Exsolvit
1005 3182 1071 3220 eum
1085 3164 1197 3222 nodum
1212 3166 1273 3227 Dio
1287 3168 1318 3227 in

241 3244 377 3302 oratione
388 3243 515 3320 Augusti
529 3243 567 3302 ad
578 3243 695 3303 caelibes
708 3247 758 3313 56,
773 3246 800 3308 7.
821 3241 887 3303 -Καὶ
900 3239 962 3303 no’ii
974 3241 1003 3310 ἐς
1016 3248 1109 3302 ταῦτα
1121 3242 1213 3322 μέντοι
1226 3247 1319 3324 κατή-

241 3325 324 3400 arafa
338 3320 422 3402 ipris,
434 3319 515 3382 dabri
529 3319 560 3382 ri
573 3324 624 3402 μὲν
638 3323 750 3404 πρῶτον
762 3319 828 3402 τρία
839 3320 887 3401 ἔτη
901 3316 956 3382 ὅλα
970 3319 1042 3401 aspir
1059 3324 1239 3405 παρασκευὴν
1253 3325 1317 3405 ύμῖν

242 3400 345 3476 ἔδωκα,
359 3401 391 3464 ri
407 3401 435 3462 δὲ
450 3401 579 3481 δεύτερον,
594 3398 648 3464 tto.
1173 3437 1177 3443 ·

241 3597 244 3606 ‹
285 3562 400 3622 Carus
425 3562 463 3621 de
485 3563 614 3643 premiis
637 3565 812 3632 maritorum,
836 3575 1031 3642 patrumquer
1060 3563 1141 3642 quod
1164 3564 1320 3624 inordina

243 3642 400 3719 septimum
413 3641 513 3710 tuisse,
526 3642 648 3719 colligas
660 3661 699 3700 ex
711 3640 816 3719 Agellii
829 3647 860 3710 ⁶2,
873 3646 919 3702 15.
939 3642 1070 3703 Praemiis
1084 3644 1161 3715 enim
1177 3642 1320 3702 invitandi

241 3720 364 3780 fuerunt
374 3721 413 3780 ad
426 3721 609 3780 matrimonia
620 3733 650 3780 et
659 3721 773 3798 prolem
783 3719 1038 3798 frequentandam.
1061 3721 1185 3780 Praemia
1195 3721 1321 3781 duorum

244 3818 399 3878 generum,
412 3801 538 3860 honores
553 3811 584 3858 et
598 3799 762 3860 commoda.
802 3801 878 3864 Quae
890 3800 1018 3878 largiora
1031 3812 1157 3879 utraque
1171 3800 1251 3877 apud
1265 3821 1321 3879 pa·

246 3892 328 3938 tres:
356 3880 492 3958 quaedam
515 3891 614 3938 tamen
639 3879 760 3938 seorsim
783 3879 853 3937 data
872 3878 960 3937 etiam
988 3880 1099 3939 maritis
1111 3906 1119 3950 ς
1145 3879 1248 3950 veluti,
1269 3881 1323 3940 ho·

243 3957 356 4018 nestior
370 3959 400 4016 iu
413 3958 592 4036 spectaculis
606 3960 698 4018 locus.
728 3958 887 4036 Suetonius
900 3960 981 4037 Aug.
993 3962 1042 4018 44.
1071 3956 1325 4021 tlIilitemsecreoit

246 4058 264 4094 o
274 4037 400 4118 populo:
423 4039 532 4097 maritis
544 4059 560 4096 e
567 4039 653 4118 plebe
662 4038 797 4116 proprior
810 4036 924 4098 ordiner
938 4038 1107 4117 adsignauit.
1149 4037 1190 4096 Et
1204 4039 1242 4098 ad
1259 4059 1324 4099 eam

246 4117 423 4177 sententiam
444 4116 570 4195 accipio,
593 4117 673 4194 quod
697 4129 788 4195 poeta
803 4117 954 4196 Hispanus
978 4117 1078 4176 facete
1101 4117 1205 4178 scribit
1224 4123 1254 4189 5,
1275 4123 1325 4180 42.

244 4195 381 4273 Spadone
391 4218 454 4258 oum
464 4199 503 4257 ria
516 4197 747 4274 ementiorfluno,
763 4197 887 4256 Theatra
898 4197 1016 4274 loqueris
1026 4209 1055 4254 et
1067 4198 1178 4273 gradus
1192 4207 1220 4258 et
1231 4199 1326 4258 edicta
1342 4250 1344 4254 ,

249 4275 475 4354 Trabeasqueet
486 4277 561 4337 Idne
573 4277 739 4358 fibulasque
754 4297 907 4357 censusque
910 4316 1024 4336 .........
1026 4277 1137 4352 δεόενθ
1155 4278 1326 4355 inequitnm

244 4355 333 4414 liceat
346 4373 384 4414 an
396 4357 450 4415 tibi
461 4355 586 4416 scamnis*
597 4357 711 4426 Videbo,
723 4356 874 4434 Didyme3
896 4377 953 4415 non
968 4355 1034 4414 licet
1046 4357 1219 4415 maritorum.
1238 4361 1326 4416 ‘Prte-

240 4438 403 4518 iceaserunt
415 4435 486 4498 item
500 4435 596 4496 mariti
609 4437 640 4495 in
651 4435 831 4512 Magistrum
845 4447 876 4494 et
888 4434 919 4494 in
932 4433 1074 4495 fascibus·
1107 4435 1251 4512 -Agellius
1265 4437 1284 4494 l.
1299 4455 1326 4495 c.
