3034 4967
243 224 283 283 ss
489 220 597 283 JULII
616 220 748 283 Auulc.
768 218 877 281 VITA.
898 220 987 281 CAP.
1006 225 1055 281 35.

249 396 321 449 sunt
329 408 338 460 ;
361 382 524 447 novissime
537 388 586 449 res
599 397 631 451 et
648 397 790 449 extremo
811 396 897 449 metu
910 400 1041 471 corpora
1054 381 1190 447 defixere
1202 380 1236 445 ln
1257 379 1307 444 bis

250 469 397 555 vestigiis,
411 470 444 533 in
457 468 573 555 quibus
593 469 757 557 pulchram
771 481 803 534 et
817 468 1014 555 spectabilem
1028 466 1188 532 victoriam
1202 466 1307 531 edere·

251 555 300 621 tis.
345 553 523 639 Transigite
540 576 611 619 cum
632 554 898 641 expeditionibus:
922 553 1060 640 inponite
1080 550 1309 639 quinquaginta

251 639 339 704 annis
347 660 495 723 magnum
507 638 605 703 diem:
622 640 793 727 adprobate
803 638 1009 725 Reipublicae,
1018 660 1181 724 nunquam
1191 634 1310 701 exerti·

252 724 300 787 tui
313 723 450 809 inputari
463 725 599 809 potuisse
612 738 668 789 sut
682 747 784 789 moras
797 723 880 802 belli,
892 737 948 787 aut
958 720 1286 788 caussasrebellnndi.”

296 807 445 874 XXXV.
462 811 507 874 Et
518 808 704 896 adloquente
715 810 818 873 adhuc
829 808 979 893 Agricola
988 808 1122 873 militum
1132 808 1226 873 ardor
1234 806 1309 869 emi·

253 894 357 971 nebat,
372 907 404 957 et
417 892 510 957 finem
520 895 667 959 orationis
681 897 712 961 in
735 918 789 957 ens
799 893 939 957 alacritas
947 908 1111 958 consecuta
1122 906 1179 970 est,
1193 891 1311 956 statim

253 1002 316 1065 que
330 977 372 1042 ad
386 1000 472 1043 arms
485 978 673 1065 discursum,
713 920 881 1043 instinctos
894 993 1081 1063 ruentesque
1092 980 1136 1045 ita
1146 976 1309 1064 disposuit,

254 1077 292 1128 ut
303 1063 446 1149 peditum
466 1064 591 1141 auxilia,
607 1087 680 1148 quae
693 1078 764 1129 octo
778 1062 873 1125 millia
887 1077 985 1139 erant,
1000 1064 1134 1127 mediam
1148 1063 1244 1129 aciem
1259 1062 1310 1124 fir-

253 1162 384 1226 marent,
399 1148 541 1233 equitum
549 1148 615 1213 'trin
626 1148 723 1211 millis
736 1148 882 1213 cornibus
895 1147 1160 1213 adfunderentur:
1174 1145 1311 1233 legiones

254 1257 312 1320 pro
326 1232 407 1297 vello
421 1244 542 1309 stetere,
563 1234 673 1319 ingens
687 1233 824 1298 victoriae
832 1233 932 1297 decus
952 1232 1031 1297 citra
1045 1232 1225 1297 Romanum
1242 1252 1311 1295 sen·

254 1318 382 1403 guinem
403 1316 540 1395 bellanti,
562 1332 593 1382 et
614 1318 777 1397 auxilium,
800 1317 825 1383 si
846 1316 1042 1403 pellerentur.
1087 1318 1310 1383 Britannorum

253 1404 343 1479 acies,
359 1402 391 1465 in
406 1402 537 1487 speciem
552 1402 643 1467 simul
658 1426 694 1468 ac
704 1416 863 1480 terrorem,
878 1402 1060 1467 editioribus
1079 1402 1154 1466 locis
1168 1401 1312 1466 constite·

253 1498 303 1553 ret
316 1487 370 1566 ita,
384 1500 420 1551 ut
433 1487 569 1572 primum
580 1511 692 1574 agmen
703 1511 805 1574 aequo,
817 1487 975 1586 ceteriper
985 1487 1099 1551 acclive
1110 1489 1228 1573 jugum
1238 1507 1310 1548 con-

251 1571 324 1637 nexi
352 1570 438 1635 velut
464 1570 677 1659 insurgerent;
707 1573 810 1637 media
833 1593 935 1659 campi
959 1572 1133 1636 covinarius
1155 1584 1189 1635 et
1213 1592 1309 1655 eques

254 1756 767 1821 ritedr.mrirsimicteetremonwmcor·
794 1765 1057 1826 neumnensium
1070 1764 1255 1829 clenpetrritdr.
1277 1758 1311 1813 V.
1410 1818 1417 1827 ἱ

251 1845 313 1895 poro
321 1832 421 1895 deficere
432 1832 457 1877 in
468 1831 505 1877 iiie
514 1832 636 1892 vestigiis:
649 1832 768 1896 quodom-
796 1831 880 1879 Burm-
887 1831 919 1878 ed
929 1827 1001 1880 ovid.
1011 1830 1095 1878 Amor.
1107 1830 1132 1890 ³,
1142 1832 1165 1883 9,
1175 1832 1215 1885 27.
1225 1838 1248 1877 et
1259 1828 1311 1876 bu·

258 1905 300 1943 nes
310 1894 380 1944 secuti
390 1902 444 1942 sunt
460 1904 513 1941 ente
528 1894 662 1954 Pidhenam‚
674 1895 715 1958 qui
731 1896 768 1943 In·
796 1911 846 1943 cen.
862 1887 887 1952 7,
900 1896 940 1943 90.
957 1893 1046 1942 Duker.
1062 1886 1093 1940 ed
1110 1893 1172 1940 mor.
1189 1897 1214 1953 2,
1231 1894 1255 1948 6,
1272 1895 1314 1941 58.

255 1958 388 2007 duxitideo.
420 1956 466 2005 Sed
477 1956 580 2005 nondum
591 1967 768 2019 persanatusest
797 1959 871 2007 ΕΜ.
885 1960 1062 2019 Quinquaginta
1076 1959 1153 2015 anien,
1163 1968 1261 2005 numero
1276 1971 1313 2004 ru-

255 2023 326 2079 locue,
335 2034 377 2070 nec
388 2021 436 2069 sine
446 2022 510 2069 libris
523 2021 589 2069 facile
600 2023 675 2069 sanari
686 2030 768 2085 potest.
799 2022 881 2079 tundo,
892 2022 982 2083 aliquot
991 2022 1054 2069 enirn
1065 2021 1157 2070 deust,

185 2138 191 2150 x
257 2086 355 2149 Interim
369 2093 392 2133 et
408 2084 466 2132 mihi
478 2084 556 2131 licebit
571 2100 693 2146 apponere,
704 2085 769 2149 quod
834 2086 936 2132 Coenos
950 2086 1089 2147 miribedi]
1110 2084 1236 2145 Quaerenti·
1249 2079 1314 2147 apud

255 2150 281 2197 in
294 2160 395 2198 mentem
412 2150 489 2195 venite
507 2148 547 2193 red
562 2146 769 2207 depresserunt
800 2163 839 2195 me
848 2147 912 2195 Guil.
922 2148 1247 2209 Berclayoeruditoetsageci
1254 2149 1311 2207 viro,

255 2213 415 2275 ignavissimi,
422 2217 445 2257 et
452 2216 555 2257 extremo
563 2217 626 2277 stetu
635 2212 722 2273 torpidi
730 2213 769 2258 de-
800 2212 1315 2273 extemporeemendabam‚canercrreirllan·

251 2277 409 2340 fisereociem
420 2276 445 2321 in
456 2274 614 2335 iisnertigiir.
647 2276 769 2323 ltaserro·
801 2274 834 2323 di.
869 2275 987 2322 Sententia
1001 2276 1081 2338 probo,
1097 2275 1156 2322 ister
1223 2290 1263 2323 vos
1273 2282 1315 2322 eut

259 2351 298 2389 tur
309 2340 334 2387 ri
349 2340 429 2390 aciem
446 2337 509 2399 quod
519 2337 606 2384 liabent
616 2346 671 2386 vett.
683 2338 735 2387 edd.
746 2347 770 2387 et
801 2338 1023 2402 igrrsriamveetrem
1031 2338 1130 2385 minurd
1205 2347 1315 2396 tum‚nec

259 2419 301 2469 per
311 2404 464 2464 conjecturem
475 2400 593 2449 sublatum
605 2411 639 2449 est
649 2417 664 2449 s
675 2403 770 2451 Rhene-
801 2418 843 2467 per
850 2402 992 2465 ,proterviam
1002 2402 1146 2451 rebellatum.
1173 2403 1228 2451 Sive
1235 2402 1314 2460 etim,

255 2473 298 2516 no.
332 2468 469 2516 Novissime
484 2479 606 2524 servarem,
623 2466 642 2513 si
659 2466 772 2515 diceretur
802 2466 958 2531 pereerndem
969 2466 1101 2529 ignaviam
1119 2466 1316 2530 querisahostes

261 2546 304 2596 pro
315 2534 414 2585 tandem,
428 2530 568 2590 alienandos
585 2530 648 2593 quod
663 2544 710 2578 non
720 2538 770 2578 ests
803 2531 923 2588 animarit,
930 2539 953 2577 et
963 2531 1079 2578 excitavit.
1090 2531 1166 2579 ers·
1178 2532 1315 2578 Reieliandi

260 2610 317 2645 nem
334 2603 369 2643 est
381 2594 464 2641 ultimo
477 2593 536 2651 loto,
547 2600 574 2639 ut
588 2595 718 2654 aeritimi,
730 2594 773 2657 qui
801 2597 852 2656 Jem
862 2594 914 2642 edd.
929 2603 985 2643 vett.
1001 2602 1056 2642 ante
1065 2594 1142 2642 nnec
1159 2595 1184 2641 in
1201 2596 1267 2654 cujus
1277 2594 1315 2641 ed.

261 2668 316 2710 sunt
324 2659 407 2707 ultimo
413 2657 478 2705 locor
513 2654 732 2721 nodutrumqueest
742 2661 773 2707 ab
803 2657 895 2722 irrepsit
921 2673 1042 2722 operamur
1069 2674 1143 2707 errore
1170 2658 1313 2705 diruendis

260 2723 286 2772 h.
304 2724 321 2771 1.
337 2724 447 2770 alienum.
510 2734 535 2767 ec
549 2719 598 2767 ullo
613 2722 682 2769 modo
698 2722 773 2783 video,
804 2722 1211 2786 neminnotisreiellondierplicet
1243 2722 1316 2769 Iaer-
1381 2753 1397 2791 4

213 2828 217 2842 ,
259 2800 332 2851 ¹quern
353 2783 501 2835 commodum
522 2798 615 2831 sensum
636 2786 773 2835 alterutrum
803 2792 1153 2849 torserrrtuseseqq.etnotnm
1161 2784 1316 2849 lipsiipepe-

262 2848 498 2899 verbumhichabere
508 2846 586 2909 possit.
613 2848 739 2911 Bgytovus
755 2865 774 2899 s.
803 2851 840 2898 rit.
874 2850 949 2898 Vetus
959 2850 1058 2899 restituit
1068 2850 1177 2899 Pichene.
1204 2850 1277 2896 Etru.

263 2930 338 2963 novus
344 2914 369 2961 in
376 2910 505 2961 nissfieri
512 2912 583 2959 solere
589 2926 670 2972 moer,
677 2923 773 2973 constat,
843 2917 971 2962 Instinctor
989 2920 1124 2975 muroque
1140 2917 1174 2961 ita
1189 2915 1316 2978 diremerit]

264 2992 336 3043 eoque
350 2976 446 3027 varietas
456 2984 490 3022 est
505 2974 529 3021 in
545 2974 616 3024 MS&
630 2977 683 3026 Irlv.
698 2974 723 3037 3,
736 2980 775 3027 41.
806 2977 902 3041 Lipsius
920 2978 1000 3025 mallet
1015 2980 1148 3035 instructor,
1160 2978 1223 3040 quod
1237 2987 1317 3024 aucto-
1370 3005 1374 3009 ‹

264 3053 322 3091 extr.
333 3044 406 3090 Metu
421 3053 496 3103 porro,
508 3046 549 3085 eut
564 3046 665 3102 stupore,
677 3044 774 3105 torpidi,
805 3042 837 3090 ris
850 3043 968 3090 sententiaa
982 3054 1029 3088 non
1039 3055 1167 3102 congruens
1181 3048 1242 3087 recte
1253 3041 1318 3088 vide-

264 3112 386 3169 torpentes‚
405 3118 465 3165 sepe
479 3112 608 3163 oocurrum,
626 3113 702 3168 utep.
718 3107 772 3155 Lir.
806 3104 1317 3167 truPichenae,quietrerbumimttnetiin
1380 3146 1386 3165 ,

264 3174 305 3231 22,
321 3172 359 3218 53.
372 3174 528 3229 cumrtapore
538 3180 565 3213 ee
579 3170 692 3216 miraculo
703 3173 777 3231 torpi-
806 3168 890 3217 haere
907 3167 1090 3217 'solenneTecitn
1107 3169 1187 3226 docet;
1204 3177 1318 3231 utsupra

265 3234 437 3295 dosdeflrirret.
472 3231 571 3291 'serpere
584 3239 775 3293 etcorporeoon.
806 3248 827 3281 c.
841 3234 877 3281 16.
897 3234 969 3281 Enrr.
992 3233 1026 3280 Et
1037 3232 1066 3279 A.
1078 3236 1103 3290 2,
1110 3232 1199 3282 46..OE
1211 3241 1235 3280 et
1247 3232 1282 3280 H.
1292 3233 1316 3293 l,

178 3352 179 3359 ἵ
265 3294 515 3345 fundiridimusetiam
524 3292 593 3351 Har,
602 3296 641 3342 24.
658 3296 777 3346 Broterius
807 3298 846 3354 70.

265 3376 279 3409 e
291 3361 346 3413 MS.
358 3360 413 3409 Vet.
425 3356 488 3406 dedit
499 3370 535 3403 ree
546 3364 568 3404 et
579 3364 625 3405 ent.
640 3375 671 3407 m.
679 3375 776 3423 corporo
841 3364 911 3409 Citra
918 3363 1051 3408 Romanum
1059 3363 1199 3421 sanguinem
1209 3362 1316 3425 hianti]

265 3426 373 3489 dejicere.
405 3422 452 3469 Sed
469 3434 505 3467 res
517 3421 666 3471 commodum
683 3440 776 3474 sensum
807 3425 1205 3485 Edd.enteRhen.ieiioudi,mnle.
1222 3426 1319 3475 nimo

264 3488 540 3547 hichaberenonpoieii·
566 3484 637 3533 ERN·
663 3488 777 3539 vaticano
807 3488 1316 3537 nusbseconexitretsiehabetnisvat

264 3552 324 3601 duce
334 3566 388 3599 cum
398 3546 463 3597 Brot.
479 3546 555 3594 locum
566 3548 661 3613 retingo,
673 3552 777 3603 adhibito
807 3552 869 3601 Mox
885 3569 915 3599 ex
930 3552 1009 3599 eodem
1021 3553 1127 3601 dedimus
1143 3568 1197 3601 cum
1213 3553 1318 3601 Broterio

264 3614 474 3677 distinotioneBip.
502 3611 589 3658 Sanum
598 3621 727 3664 tamennon
739 3632 776 3667 er.
807 3620 889 3676 onem,
905 3617 962 3679 quie
980 3617 1084 3679 sequitur
1100 3620 1209 3680 priosum
1226 3632 1319 3677 αὲηιοη.

198 3678 200 3682 ’
264 3681 342 3729 bitror.
376 3674 776 3743 CeterumaVaticanoparumab-
808 3680 978 3729 Nsmaeieain
994 3681 1080 3743 plurali
1090 3681 1260 3737 rectedicitur,
1278 3680 1319 3735 sed

264 3743 350 3792 ludunt
355 3744 409 3791 Put.
417 3751 441 3791 et
447 3740 499 3789 Alc.
514 3740 564 3787 lter
572 3745 733 3807 suntfortunae,
741 3746 778 3793 fe-
807 3753 835 3792 ut
844 3743 927 3792 deinde
938 3744 968 3791 sit
976 3748 1059 3806 prima
1069 3748 1140 3803 acies,
1151 3759 1198 3792 non
1209 3746 1319 3806 primum

265 3808 369 3857 cultetss.
681 3858 684 3867 ,
807 3823 901 3871 affines,
910 3816 937 3855 ut
946 3807 1071 3870 persaciei.
1094 3810 1174 3867 ¹Enrr.

302 3868 694 3939 Tranrigitecumenpeditionibus]
703 3872 727 3921 id
736 3883 776 3928 est,
842 3874 997 3936 emensae]
1009 3874 1049 3921 Sic
1059 3874 1118 3921 Ern.
1127 3872 1192 3921 Brot.
1204 3872 1261 3935 Bip·
1266 3874 1320 3922 vul·

265 3933 329 3983 finite
339 3934 503 3997 expeditiones.
537 3937 776 3999 Sumtumerepecu.
807 3938 1005 3999 gocmntttrrant.

247 4024 251 4045 t
265 3998 368 4046 nieriset
378 3999 467 4046 forensi.
491 3999 570 4047 Finita
577 4010 611 4047 est
617 4002 775 4056 controversie,
839 4002 982 4047 'coniecerim
996 4008 1020 4049 et
1029 4000 1109 4065 eques]
1128 4002 1252 4050 Coviuarii
1266 4009 1321 4048 sunt

265 4062 306 4109 ubi
326 4076 379 4108 cum
398 4062 519 4124 litigatore,
537 4064 646 4125 debitore,
666 4064 776 4113 creditore
807 4066 919 4112 essedarii
936 4064 1053 4112 Ciceronis
1070 4073 1094 4112 et
1111 4063 1218 4121 ,coraus
1254 4064 1321 4112 Nam
1357 4109 1360 4114 .

266 4125 425 4187 transegimus·
459 4128 530 4175 Enni.
795 4129 1064 4188 ,coninisuntvehiculn
1073 4128 1261 4187 uteMels3,6.
1283 4128 1321 4177 si.

307 4190 429 4248 Magnum
448 4190 520 4251 dent]
543 4192 582 4239 Ita
599 4199 681 4240 vocant
696 4192 776 4240 Latini
808 4193 841 4240 lio
863 4193 902 4247 17,
921 4194 976 4240 418.
992 4193 1090 4255 aliisque
1110 4191 1202 4252 dudum
1223 4191 1322 4240 docuere

263 4250 332 4309 diem,
343 4266 435 4315 quotes
445 4251 470 4300 in
481 4254 591 4303 ultimum
603 4256 724 4304 discrimen
735 4257 776 4304 nd·
796 4256 852 4304 'riri
865 4256 926 4304 docti
937 4264 960 4303 et
970 4249 999 4305 ad
1010 4256 1061 4305 lnl.
1073 4255 1130 4315 etin
1144 4254 1232 4319 lexicis,
1244 4256 1320 4306 moxi·
