3034 4967
300 313 307 322 ·
343 286 507 354 J.L1PSll
531 287 752 355 Excessus
775 291 836 354 AD
859 289 1017 353 ANNAL.
1037 292 1117 354 LIB.
1136 293 1191 354 111.
1245 291 1301 350 133

683 541 785 598 ’Β.

663 697 754 756 CAP.
774 699 872 757 XXlI.

264 851 402 912 Caecus
423 853 531 933 triplex
552 865 606 922 est,
631 853 686 930 (ait
704 866 789 913 vetus
809 855 952 936 interpres
971 857 1137 932 iuvenalis)
1159 858 1298 931 urbanus,

225 929 364 1002 rusticus,
381 934 545 993 castrensia.
587 934 735 1004 Urbanus,
750 945 784 992 ut
797 948 865 994 sunt
878 947 990 1006 turres;
1015 938 1151 1006 rusticus,
1167 949 1200 996 ut
1214 957 1298 1016 erga·

225 1009 320 1077 stula3
342 1013 508 1080 castrensis,
529 1013 647 1092 quando
662 1013 770 1092 captivi
785 1014 941 1073 trahuntur
955 1017 1092 1076 catenati.
1133 1017 1224 1074 Notat
1238 1017 1298 1076 boe

227 1088 264 1146 ad
279 1108 346 1146 eum
361 1089 459 1149 locum
473 1090 624 1151 iuvenalis
640 1097 666 1162 6,
682 1096 751 1154 560.
792 1093 866 1152 Inde
868 1095 947 1170 fides
962 1095 1029 1163 arti,
1042 1097 1134 1154 sonuit
1144 1097 1169 1155 si
1182 1097 1298 1156 dextera

213 1167 315 1245 ferra
331 1170 487 1249 Laertaque,
499 1173 526 1230 si
538 1170 626 1250 longo
640 1180 795 1232 castrorum
810 1175 838 1231 in
852 1193 967 1232 earcere
977 1174 1089 1234 mansit.
1121 1177 1179 1234 Sed
1190 1177 1298 1253 potuit,

225 1247 284 1304 imo
305 1246 417 1320 debuit,
440 1251 537 1327 paullo
559 1251 734 1309 distinctius.
771 1255 849 1311 Nam
870 1253 899 1309 in
921 1255 993 1312 urbe
1013 1254 1077 1331 ipsa
1097 1254 1202 1332 triplex
1223 1257 1298 1313 ratio

226 1324 398 1385 adservandi
420 1330 560 1407 captivos.
600 1333 658 1388 Aut
677 1333 753 1389 enim
774 1333 804 1389 in
826 1351 946 1390 carcerc
967 1333 1152 1391 habebantur
1173 1334 1299 1412 locoque

222 1404 377 1476 concluso,
391 1408 454 1464 sine
465 1409 524 1466 ullo
536 1409 644 1477 milite;
664 1421 697 1467 ut
707 1430 776 1468 vere
787 1410 912 1479 servitia,
925 1426 955 1469 et
966 1413 1064 1490 capita
1073 1413 1192 1471 viliora:
1208 1425 1258 1471 aut
1269 1413 1299 1470 in

222 1483 363 1543 custodia
373 1484 499 1556 militari,
515 1489 605 1546 autin
617 1489 729 1547 aedibus
745 1490 982 1568 Magistratuum.
1012 1492 1155 1551 Custodia
1168 1491 1309 1550 militaris¹

225 1561 505 1652 frequentissimam
522 1569 625 1628 Romae
639 1578 669 1626 et
683 1568 711 1625 in
732 1570 906 1647 provinciis:
930 1573 1054 1649 ejusque
1071 1571 1188 1642 modus,
1209 1583 1243 1629 ut
1263 1571 1299 1640 is,

225 1660 276 1718 qur
289 1661 318 1700 rn
332 1663 412 1702 noxa
425 1657 513 1716 esset,
529 1658 663 1705 catenam
678 1649 775 1707 manui
791 1649 905 1709 dextrae
919 1650 1066 1726 alligatam
1081 1650 1214 1721 haberet,
1232 1667 1307 1728 quae'

224 1725 329 1783 eadem
353 1726 450 1785 militis
473 1729 619 1785 sinistram
642 1727 765 1786 vinciret
786 1729 928 1786 custodiae
950 1732 1013 1806 ejus
1038 1730 1179 1807 praefecti.
1222 1730 1300 1788 Satis

225 1816 328 1881 aperte
342 1805 456 1864 Seneca
471 1811 517 1876 De
531 1808 679 1886 tranquill.
696 1812 742 1867 10.
776 1809 834 1867 Sed
846 1809 917 1888 quid
925 1811 1039 1888 refert?
1058 1811 1154 1867 eedem
1171 1811 1300 1868 custodia

226 1886 366 1944 uniuersos
390 1886 583 1954 circumdedit,
615 1886 783 1965 alligatique
809 1897 874 1944 surrt
901 1888 994 1957 etium,
1023 1889 1071 1964 qai
1099 1890 1300 1965 alligaverunt.

226 1964 296 2024 Nisi
315 1974 345 2023 tu
353 1965 440 2044 sorte
457 1963 589 2025 leniorem
609 1965 638 2023 in
658 1963 772 2024 sinistra
793 1976 919 2024 catenam
935 1979 1032 2044 putas.
1072 1967 1147 2025 Item
1165 1967 1249 2044 epist.
1261 1975 1299 2040 5.

226 2043 466 2111 Quemadmodum
485 2047 581 2103 eadem
600 2056 699 2102 eatena
712 2054 740 2103 et
755 2045 894 2104 custodem
917 2043 1057 2118 (emendo
1073 2045 1236 2116 custodiam,
1259 2046 1301 2105 ita

224 2123 303 2180 enim
318 2123 380 2202 ipse
395 2125 526 2201 captivus
537 2124 701 2194 dicebatur,
717 2133 750 2182 ut
765 2144 833 2183 mox
848 2123 979 2199 docebo)
997 2133 1024 2182 et
1038 2125 1152 2183 militem
1167 2125 1299 2206 copulat:

223 2201 265 2260 sic
288 2202 351 2272 uta,
379 2223 443 2282 qaae
466 2217 524 2262 tam
547 2202 692 2262 dissimilia
716 2215 791 2272 sunt,
811 2203 924 2280 pariter
943 2204 1083 2262 incedunt.
1126 2203 1166 2260 Et
1189 2206 1300 2280 optime

224 2281 499 2354 Athenaeus5,13.
520 2305 548 2362 p.
564 2287 632 2342 213.
654 2283 703 2340 ubi
725 2283 941 2340 Athenienses
962 2281 1145 2340 Mithridatis
1166 2284 1302 2343 extollit:

221 2357 366 2437 ‘Propalai
382 2361 409 2419 δὲ
424 2360 579 2444 στρατηγὸς
593 2363 644 2440 μὲν
661 2357 835 2438 Παμφυλὶας
851 2359 977 2430 Κουῖντος
992 2361 1120 2430 δἾππιος
1132 2356 1301 2444 παραδοθεὶς

223 2439 378 2501 deaurabit
395 2439 513 2520 δέσμιος.
561 2441 689 2508 Μαίνλιος
711 2440 739 2500 δὲ
759 2439 899 2508 Ἀκύλλιος
921 2439 933 2500 ὅ
955 2439 1123 2512 ὑπατευκώς,
1144 2440 1157 2500 ὅ
1177 2441 1223 2502 τὸν
1244 2441 1301 2503 dri

224 2517 357 2589 Σικελίας
381 2517 561 2601 καταγαγὼν
580 2516 728 2616 &glafira
751 2520 877 2593 συνδέτην
896 2518 974 2600 ἔχων
998 2517 1098 2579 ἁλύσει
1119 2522 1218 2602 μακρᾷ
1241 2527 1299 2580 Βα-

225 2599 340 2681 στάρνην
349 2599 541 2682 πεντάπηχυν,
547 2605 609 2668 πεζο
613 2623 624 2667 ς
634 2595 681 2658 u‘rri
691 2600 792 2667 ἱππέας
801 2599 921 2659 ἕλκεται.
932 2598 1298 2678 (begeKovirrm'Onrnoc.)

225 2677 302 2736 Nam
314 2679 355 2736 ita
365 2699 422 2756 ego
432 2699 501 2738 vere
513 2679 707 2758 interpretor:
722 2679 836 2739 Natalis
847 2680 965 2747 insulsa,
979 2679 1070 2748 fatua,
1084 2679 1187 2749 aliena,
1200 2699 1299 2756 quem,
1331 2725 1337 2734 .

224 2757 249 2814 si
262 2756 352 2816 libido
366 2759 481 2816 ridendi
500 2769 554 2828 est,
576 2759 653 2818 vide.
688 2759 787 2818 Simile
803 2769 857 2825 est,
876 2759 955 2835 quod
974 2758 1122 2834 Joscplrus
1136 2769 1235 2816 narrat
1251 2761 1299 2826 18,

228 2839 272 2894 13.
294 2835 331 2894 de
351 2839 467 2916 captivo
487 2838 621 2916 Agrippa
640 2837 742 2914 Rege:
771 2839 968 2897 centurionem
989 2837 1035 2896 illi
1052 2838 1123 2896 satis
1147 2837 1300 2914 benignum

221 2917 391 2994 appositum,
416 2927 443 2975 et
462 2917 576 2976 militem
598 2939 660 2975 curn
680 2940 732 2996 qun
753 2917 906 2976 vinciretur
919 2919 1075 2974 durannum.
1115 2916 1300 2993 Augustinus

223 2994 373 3055 inPsalm.
390 2999 454 3066 128,
470 3001 497 3055 2.
540 2997 683 3076 Ligantur
696 2997 751 3054 duo
767 3006 793 3053 et
807 2997 955 3053 mittuntur
968 2995 1156 3071 adjudicem,
1173 2997 1257 3063 latro,
1273 3007 1301 3052 et

223 3073 370 3154 colligatus
381 3099 391 3140 ,·
420 3074 468 3133 ille
486 3076 651 3144 sceleratus,
675 3075 727 3134 iste
748 3077 888 3142 innocens,
911 3094 967 3130 una
987 3087 1088 3131 catena
1108 3073 1246 3152 ligantur,
1271 3083 1300 3132 et

222 3151 307 3232 longe
326 3162 389 3212 sant
402 3175 418 3210 a
433 3175 500 3214 sese.
543 3154 641 3224 Adde,
658 3155 732 3212 duos
746 3173 825 3231 saepe
839 3152 946 3210 milites
961 3152 1010 3208 uni
1025 3171 1076 3209 reo
1091 3151 1184 3216 datae,
1197 3149 1302 3228 majori

224 3233 379 3292 custodiae.
414 3235 448 3290 ln
467 3234 678 3311 Apostolorum
700 3233 786 3291 Actis
810 3237 855 3299 12,
870 3235 899 3291 6.
914 3232 951 3288 de
965 3231 1004 3288 D.
1019 3232 1125 3289 Petro:
1148 3230 1302 3289 dormiebat

221 3310 383 3372 interdum
399 3311 509 3379 milites,
531 3312 638 3371 duabus
660 3314 796 3392 alligatus
814 3310 928 3368 eatenis.
970 3311 1090 3368 Caten'ae
1108 3321 1207 3369 autem
1224 3313 1301 3388 ejus·

224 3391 315 3461 modi,
335 3391 376 3450 uti
392 3409 431 3450 ex
448 3392 595 3451 Athenaeo
616 3393 738 3461 clarum,
759 3390 953 3467 longiuscula
974 3399 1067 3456 erant,
1079 3401 1121 3447 ut
1140 3390 1300 3460 ambulare,

221 3469 361 3529 incedere
375 3471 484 3550 pariter
496 3491 554 3528 non
570 3471 755 3529 incommode
770 3483 898 3548 possent.
935 3470 984 3527 Ad
996 3489 1068 3548 quas
1079 3468 1150 3527 item
1161 3469 1299 3547 pertinet,

224 3548 305 3626 quod
326 3549 484 3609 Suetonius
502 3549 531 3606 in
552 3551 665 3610 Domit.
686 3549 788 3607 scribit
808 3568 833 3607 c.
852 3554 895 3607 lt.
938 3551 999 3607 Nec
1020 3549 1075 3606 nisi
1091 3559 1197 3607 secreto
1215 3557 1301 3626 atque

223 3630 301 3686 solus
310 3627 462 3709 plerasque
475 3629 626 3698 custodias,
639 3630 758 3708 receptis
773 3628 883 3706 quidem
893 3628 920 3685 in
934 3649 1016 3686 runnu
1027 3629 1144 3696 catenis,
1157 3627 1301 3686 audiebat.

222 3705 285 3765 Ubi
299 3707 405 3766 iterum
420 3709 562 3767 custodiae
578 3729 631 3786 pro
644 3708 677 3764 iis
692 3709 771 3784 ipsa,
787 3707 836 3784 qui
852 3707 1058 3765 custodiuntur
1067 3734 1077 3780 3
1100 3719 1133 3764 ut
1144 3706 1238 3778 Plinio
1249 3708 1302 3775 21,

219 3791 242 3847 3
261 3787 322 3862 (9).
362 3787 434 3846 Inde
447 3789 578 3848 eductam
596 3787 748 3846 custodiam
768 3787 862 3844 didere
871 3788 983 3865 jussit:
1010 3787 1051 3844 ita
1065 3798 1200 3843 veteres:
1224 3784 1302 3842 male

219 3865 324 3942 vulgo,
346 3866 476 3925 eductum
489 3889 504 3926 e
518 3866 644 3926 custodia
664 3865 925 3942 emendandosque
943 3865 986 3922 ita
1006 3864 1164 3923 Suetonius
1179 3865 1301 3921 Nerone

223 3947 271 4004 31.
323 3947 446 4022 erorum
468 3967 580 4006 oerum
598 3945 838 4023 perficiendorum
856 3943 966 4024 gratia,
988 3955 1054 4023 quot
1076 3943 1178 4020 ubique
1200 3953 1301 4011 esseut,

221 4024 370 4093 custodie,
389 4024 417 4082 in
431 3969 546 4084 Itaiiam
566 4024 708 4104 deportari
716 4024 822 4101 jussit:
844 4023 964 4100 vulgata
977 4023 1066 4080 lectio
1081 4036 1112 4079 et
1125 4022 1301 4100 interpretes

224 4104 355 4163 turbant.
385 4104 494 4163 Paulus
507 4105 536 4160 in
552 4107 788 4171 Sentent.5,31.
803 4103 841 4161 de
855 4121 933 4180 proen.
948 4102 1008 4160 mil.
1044 4101 1077 4158 Si
1085 4100 1207 4177 pecunia
1223 4101 1301 4159 miles

223 4183 377 4242 custodiam
391 4182 539 4253 dimiserit,
554 4183 649 4262 eapite
665 4184 825 4262 puniendus
846 4195 896 4241 est.
938 4183 1013 4238 Haec
1027 4180 1065 4237 de
1080 4181 1215 4238 custodia
1229 4181 1304 4238 mili·

223 4261 297 4320 tari:
319 4262 357 4320 de
372 4281 407 4321 ea
422 4283 487 4340 quae
501 4263 581 4342 apud
596 4263 800 4341 Magistratus
816 4259 1010 4340 opportunius
1024 4259 1120 4318 dicam
1135 4261 1173 4320 ad
1186 4266 1216 4334 6,
1230 4265 1258 4319 3,
