3034 4967
223 238 262 295 54
593 234 648 295 DE
668 234 928 297 oratToatuua

230 396 423 485 potissimum
438 406 524 475 retas,
539 394 660 462 deserta
677 411 708 462 et
728 398 823 463 laude
843 399 964 477 orbata,
979 398 1032 461 alx
1053 390 1167 463 nornen
1185 400 1290 485 ipsum

229 482 359 547 oratoris
372 480 520 546 retincat:
546 482 744 567 nequeenim
766 483 810 547 ita
823 482 1028 570 adpellamua',
1043 483 1102 547 nisi
1122 484 1288 570 antiquos:

228 567 342 631 horum
370 568 475 629 autem
501 578 676 652 temporum
700 567 819 647 diserti,
844 568 1006 632 caussidici
1029 580 1062 633 et
1088 568 1232 633 advocati
1257 582 1291 635 et

228 651 362 739 patroni,
377 660 409 714 et
422 650 546 737 quidvis
560 652 674 739 potius,
686 673 783 739 quam
795 663 943 731 oratores,
955 665 1117 718 vocantur.
1145 653 1208 718 Cui
1220 676 1291 740 per-

229 735 396 801 contationi
410 749 474 799 tuae
487 736 683 821 respondere,
698 750 730 801 et
743 750 808 801 taur
924 761 953 801 oe
966 737 1147 836 quaestionis
1157 739 1292 825 ‚pondus

229 820 382 907 excipere,
397 832 432 885 ut
447 833 503 884 aut
516 820 556 884 de
569 819 700 909 ingeniis
713 760 923 886 nostrisiddd
936 823 1176 887 existimandum
1190 824 1241 902 sit,
1264 824 1294 888 si'

228 905 311 970 idem
324 904 453 992 adsequi
466 926 529 969 non
545 928 721 991 possumus,
736 918 791 971 aut
805 906 845 970 de
861 906 999 992 judiciis,
1015 907 1209 986 sinolumus,
1223 909 1289 989 vix,

228 990 366 1069 hercule,
379 990 537 1067 auderem,
557 990 582 1053 si
603 989 680 1055 mihi
701 992 938 1056 mea-sententia
958 989 1155 1080 proferenda,
1169 1016 1207 1057 ac
1226 1017 1290 1062 non

229 1074 509 1154 disertissimorum,
523 1086 561 1139 ut
575 1077 688 1141 nostris
702 1075 904 1163 temporibus,
919 1077 1082 1141 hominurn
1092 1100 1194 1143 sermo
1204 1100 1293 1165 repe·

229 1159 342 1225 tendus
360 1172 450 1238 esset,
473 1182 552 1246 quos
573 1160 701 1245 eandem
725 1160 806 1225 hanc
828 1161 1289 1311 quaestioueusrffpertructautes,

226 1244 352 1331 juvenis
365 1244 535 1309 admodum
549 1244 672 1311 audivi..
711 1245 763 1311 Ita
776 1268 840 1309 non
859 1246 994 1332 ingenio,
1085 1249 1234 1314 memoria
1253 1273 1291 1314 ac

228 1330 450 1409 recordatione,
464 1352 544 1417 opus
558 1342 614 1408 est,
630 1342 678 1409 ut,
692 1352 766 1417 quar
778 1354 798 1393 a
812 1332 1073 1416 praesmntissimis
1091 1332 1165 1397 viris
1185 1347 1218 1398 et
1237 1357 1291 1397 ex-

227 1414 364 1501 cogitata
377 1413 540 1493 subtiliter,
556 1428 587 1479 et
601 1414 685 1479 dicta
717 1416 841 1493 rariter,
854 1415 968 1503 accepi,
983 1439 1055 1481 cum
1065 1417 1179 1504 singuli
1189 1418 1291 1482 diver.

228 1522 287 1577 sas,
302 1498 351 1563 vel
360 1500 560 1577 easdem,sed
573 1438 747 1586 probabdes
757 1523 880 1565 caussas
890 1501 1058 1579 adferrent,
1069 1501 1146 1565 dum
1156 1503 1290 1569 formam

229 1584 277 1648 sui
290 1585 424 1671 quisque
438 1596 469 1647 et
482 1584 576 1647 animi
590 1596 623 1649 et
636 1584 751 1671 ingenii
762 1585 915 1662 redderet,
929 1586 1038 1650 iisdem
1048 1608 1130 1649 nunc
1141 1588 1288 1667 numeris,

229 1667 338 1731 iisdem
362 1669 534 1735 rationibus
558 1691 646 1756 perse
670 1692 738 1749 uar,
764 1684 886 1733 servato
910 1671 1019 1735 ordine
1045 1669 1286 1757 disputationist

228 1771 329 1839 neque
350 1755 432 1818 enim
447 1751 558 1833 defuit,
580 1754 636 1840 qui
681 1756 809 1819 'versam
822 1777 950 1842 quoque
969 1768 1091 1841 partem
1111 1756 1289 1844 susciperet,

227 1860 274 1916 ac,
289 1839 426 1903 multum
443 1854 554 1903 vexata
568 1852 599 1903 et
620 1839 714 1904 inrisa
735 1853 900 1919 vetustate,
920 1853 1098 1905 nostrorum
1112 1853 1287 1927 temporum

227 1923 435 2009 eloquentiam
449 1926 648 2011 antiquorum
665 1924 795 2011 ingeniis
807 1926 982 1989 anteferret.

271 2008 319 2071 ll.
341 2011 425 2073 Nam
444 2024 568 2095 postero
587 2008 648 2086 die,
664 2032 759 2093 quam
776 2010 935 2073 Curiatius
958 2012 1123 2075 Maternus
1138 2013 1289 2075 Catonem

230 2094 421 2171 recitaverat,
435 2116 508 2157 cum
523 2092 685 2155 offendisse
704 2092 880 2177 potentium
900 2094 1019 2155 animos
1032 2095 1197 2169 diceretur,
1211 2111 1290 2162 taur.

228 2199 324 2264 quam
337 2180 371 2240 in
385 2200 422 2239 eo
436 2176 596 2262 tragoediae
606 2187 801 2260 argumento,
810 2176 859 2239 sui
870 2176 994 2253 oblitus,
1004 2189 1126 2243 tantum
1138 2180 1289 2245 Catonem

227 2263 401 2347 cogitasset,
411 2282 510 2345 eaque
519 2260 596 2330 dere
604 2282 660 2345 per
669 2260 778 2327 urbem
786 2260 933 2346 frequens
943 2263 1227 2342 sermohaberetur,
1238 2289 1291 2331 ve.
1323 2328 1328 2334 .

227 2359 341 2410 nerunt
355 2345 477 2409 adeum
487 2344 534 2409 Μ.
551 2346 640 2431 Aper
654 2359 686 2409 et
696 2345 804 2410 Julius
818 2345 992 2425 Secundus,
1009 2347 1206 2413 celeberrima
1220 2364 1288 2418 tum

227 2431 351 2518 ingenie
363 2430 423 2495 fori
444 2429 558 2494 nostri:
582 2448 661 2517 quos
675 2452 734 2516 ego
754 2429 787 2494 in
804 2430 930 2517 judiciis
951 2454 1015 2495 non
1033 2447 1182 2554 ptrosque
1195 2436 1289 2501 modo

259 2618 360 2664 Deserta
376 2623 398 2665 et
415 2616 483 2663 leude
499 2613 593 2681 orata]
610 2616 689 2676 Forte,
705 2615 744 2663 de·
809 2619 925 2665 Diversae
935 2620 972 2667 nel
986 2621 1085 2678 easdem,
1095 2623 1136 2669 red
1146 2623 1288 2687 probabiles}

222 2682 290 2746 ficta
305 2696 332 2727 ea
348 2682 415 2728 lancie
426 2688 448 2728 et
459 2681 545 2743 orbata
579 2682 671 2729 tirou.
693 2680 743 2727 Alii
775 2680 805 2728 Id
822 2696 875 2729 vero
891 2696 938 2729 non
953 2684 1077 2745 probabile,
1095 2694 1122 2732 ut
1137 2686 1162 2733 iu
1178 2700 1226 2734 uno
1240 2702 1288 2735 ser-

228 2744 301 2793 aliter.
345 2744 401 2794 MS.
421 2743 496 2792 Vatia·
520 2744 584 2791 addit
602 2746 742 2805 eloquentie,
774 2746 939 2793 monceasdem
951 2761 1041 2795 caussas
1051 2748 1203 2811 repetiverint.
1233 2751 1289 2813 Ego

228 2809 291 2871 quod
301 2809 429 2871 recepimus
439 2822 492 2855 cum
501 2807 616 2866 Broterio,
634 2808 674 2871 qui
685 2824 743 2871 prae·
775 2810 845 2855 rerba
858 2824 886 2857 ea
901 2826 1019 2871 superesse
1034 2826 1122 2870 censen
1139 2815 1177 2860 zat
1189 2816 1289 2864 eadem.
1306 2830 1313 2847 ⁴

228 2884 289 2919 terea
299 2872 399 2935 corrigit,
413 2873 503 2931 diserti,
515 2879 540 2919 ot
551 2874 566 2919 t.
577 2874 632 2934 eloq.
646 2874 741 2929 utata3
776 2871 851 2919 lars.
879 2873 947 2921 idem
958 2874 1064 2936 placebat
1073 2876 1176 2925 Mureto.
1198 2878 1287 2927 Acida-

228 2938 293 2983 bene
334 2936 400 2983 Nam
417 2950 474 2984 mox
492 2936 517 2982 in
536 2935 579 2983 hoc
598 2936 648 3000 ipso
669 2937 743 2999 capite
774 2935 820 2983 lius
831 2943 909 2984 tamen
925 2946 999 2986 tentat
1014 2941 1054 2985 sed
1068 2942 1157 2987 eosdem
1173 2942 1222 3003 (rel
1234 2942 1287 3004 ecs)

228 3006 291 3059 sunt,
309 3001 393 3047 lteram
408 3007 538 3061 temporam
555 3002 645 3049 diserti.
671 3000 741 3047 Eure.
775 3001 842 3047 valde
847 3002 983 3063 probabiles.
1001 3004 1073 3049 ΕΜ.
1094 3003 1181 3056 Haum
1193 3012 1285 3062 temere,

228 3062 301 3123 Quod
309 3065 419 3128 recepisse
429 3063 690 3129 aedicit‚nonrecepit;
702 3078 744 3125 nec
773 3077 816 3109 aec
826 3079 864 3112 ear
874 3068 1042 3125 improbabiles.
1075 3066 1146 3124 Cave,
1157 3066 1287 3131 quidquam

229 3135 277 3176 erat
288 3142 363 3191 opus;
375 3144 430 3176 nam
439 3129 528 3176 &serta
539 3128 680 3186 benchabet,
688 3130 744 3175 sub·
774 3136 856 3175 mutes.
889 3129 1011 3177 Maternus
1021 3138 1044 3177 et
1054 3130 1157 3179 Messala
1167 3147 1228 3197 sepe
1237 3149 1288 3181 ear.

229 3192 309 3239 audito
334 3208 347 3239 e
369 3192 549 3255 praesedentibus
569 3193 598 3238 ab
622 3199 742 3238 oratorm
774 3192 826 3237 dem
837 3194 1054 3241 enarrandferunt.

229 3257 467 3318 ingeniisgbrioque.
480 3256 742 3319 Tieloqaentiaeglorse-
805 3257 896 3303 Iisdem
912 3259 1052 3321 rationibus]
1086 3257 1152 3306 Olim
1167 3260 1288 3322 legabatur

228 3334 268 3365 ma
276 3334 356 3381 sapere
366 3320 463 3367 videtur.
495 3319 523 3367 G.
535 3320 559 3367 S.
568 3318 739 3367 Schurzfleisch.
774 3321 1023 3384 ormioaibaaprimus
1033 3321 1294 3385 Lipsiusiupostretuir·

228 3384 253 3429 iu
268 3383 382 3431 animadv.
396 3383 426 3429 ad
439 3382 464 3429 h.
475 3382 529 3429 dial.
548 3380 583 3444 (in
595 3382 651 3429 actis
666 3382 710 3429 litt.
728 3398 743 3431 a
774 3384 822 3430 stris
832 3384 969 3432 emendavit.

229 3446 299 3493 fratre
310 3446 375 3493 editis
387 3446 490 3493 Vitemb.
507 3446 589 3505 1714.)
602 3446 690 3495 volebat
706 3448 742 3495 di.
805 3448 949 3495 :inauratior
956 3449 1094 3513 Maternus]
1104 3451 1197 3499 Fames.
1207 3455 1284 3502 Cura.

229 3518 291 3559 serto
302 3518 332 3557 at
351 3512 418 3557 laude
434 3512 521 3557 orbata.
556 3510 691 3558 Heumann.
706 3511 742 3558 ni·
774 3512 964 3559 tiarMoternus.
981 3512 1104 3569 Putabam,
1112 3516 1287 3573 Curetim-sed

229 3576 274 3622 mis
293 3574 407 3635 andana,
425 3581 481 3622 utar
496 3575 601 3635 pristina
622 3576 688 3622 leude
704 3590 742 3622 or·
774 3575 910 3623 sententiam
924 3576 1050 3625 attendenti
1065 3580 1140 3640 magis
1153 3580 1228 3642 placet
1239 3583 1286 3629 Gu-

230 3640 288 3687 bota.
473 3659 475 3664 ·
774 3641 869 3698 rtatim,
880 3638 944 3703 quod
958 3642 1077 3704 proprium
1087 3657 1171 3690 nomeu
1183 3645 1287 3693 Materni

262 3704 451 3766 Percontatioui]
464 3702 672 3765 Siced.princeps.
773 3704 935 3765 poetoefuerit.
967 3706 1044 3753 Iura.
1080 3706 1145 3765 Quis
1161 3706 1194 3755 sic
1211 3717 1247 3757 eat
1260 3710 1286 3758 in

263 3768 327 3815 Male
341 3768 524 3815 existimandum
535 3768 581 3830 sit]
598 3768 636 3814 Ita
647 3766 741 3814 Fames.
774 3766 847 3813 MSS.
859 3767 914 3816 Vct.
929 3768 1019 3832 recepi:
1036 3783 1091 3817 nam
1102 3774 1236 3820 accuratius
1250 3774 1288 3824 ni.

229 3838 254 3877 at
267 3832 291 3878 in
303 3833 372 3879 Rom.
384 3830 627 3879 rodenmannum
639 3831 741 3877 babeam.
773 3829 816 3876 lrlli
826 3839 868 3877 est.
899 3830 970 3880 Eun.

229 3894 302 3943 Ltrs.
336 3898 376 3943 stt
390 3898 455 3943 abest
470 3896 500 3941 ab
515 3894 690 3942 omnibnsante
700 3892 742 3940 m-
805 3896 930 3969 Mqteraua
942 3898 1063 3961 Catonem]
1081 3898 1129 3946 Dio
1144 3898 1186 3960 67,
1207 3901 1245 3948 la.
1260 3902 1288 3949 in

228 3958 742 4086 ntrtzuutlnturussu
773 3956 1287 4086 multinubentiae:

260 4094 300 4133 tet.
327 4086 740 4134 Particulamacanteaundisertisa
774 4084 866 4132 Guort.

311 4144 460 4197 aunusdelet.
481 4150 650 4199 Parnmrafert
669 4149 741 4197 Porro
805 4150 846 4195 M.
856 4152 1012 4211 Aperanti.
1023 4152 1084 4216 Sea]
1097 4153 1286 4217 lstefortepatar

229 4214 265 4263 ed.
275 4228 310 4275 pr.
321 4214 347 4261 it.
355 4214 410 4261 Put.
422 4222 446 4263 et
456 4214 509 4261 Ber.
522 4218 544 4261 ri
553 4216 613 4262 milti
622 4228 672 4260 mea
682 4220 739 4260 wat.
772 4211 811 4259 Μ.
822 4213 888 4261 Flav.
899 4215 961 4279 Apri
967 4216 1066 4266 consa
1075 4233 1099 4264 u·
1112 4218 1167 4265 883.
1203 4217 1291 4281 Hujus

228 4277 400 4327 rectorestituo.
433 4276 562 4325 Rhamis
572 4278 658 4339 omisit,
669 4289 740 4341 quem
772 4275 872 4325 Secundi
889 4279 1217 4346 huuamaQutaalul,
1231 4283 1285 4335 issi.

229 4342 312 4407 reliqui
320 4340 400 4393 secuti
773 4349 796 4388 et
811 4342 846 4397 12,
858 4343 899 4403 lt,
913 4344 949 4391 ll.
1194 4374 1197 4377 >
