3034 4967
203 219 260 302 ns
527 235 558 300 J.
577 235 703 300 mrsu
728 237 950 307 excussus
1032 284 1035 289 ⁴
1114 267 1116 272 ,

725 402 748 458 C

639 509 732 572 CAP.
753 507 849 570 XXV.

246 619 310 680 Fas
319 617 401 690 mihi,
412 631 445 680 ut
456 639 523 680 cum
534 622 641 681 Tacito
650 621 700 681 hic
714 621 819 680 leviter
832 621 997 680 exorbitem
1012 644 1018 679 :
1042 631 1083 690 et,
1094 639 1161 699 quoe
1171 620 1284 680 iaciunt

206 699 278 759 huic
293 699 362 777 legi,
378 699 505 760 collecta
519 720 594 760 ame
609 713 640 760 et
651 701 766 780 digesta
778 719 950 780 proponam.
983 701 1053 759 Non
1063 699 1209 760 subtiliter
1219 719 1284 758 om·

206 778 256 838 nia
279 777 343 852 (cui
364 779 441 837 enim
459 781 558 839 bono?
578 780 632 839 sed
644 799 680 838 ea
692 780 789 839 saltim
804 780 913 858 capita,
928 799 994 856 quae
1008 778 1047 837 ad
1058 799 1141 838 usum
1155 779 1285 838 historias

229 857 340 932 risere).
381 857 523 917 Romanis
541 879 657 939 semper
678 859 884 936 conjugiorum
902 859 1068 936 sobolisque
1082 877 1190 936 magna
1204 877 1284 917 cura.

207 879 281 996 ldeo
297 936 439 997 Censoris
451 937 502 996 illu
515 938 642 998 solennis
655 937 796 1016 quaestior
819 939 868 998 En
887 937 977 998 animi
994 938 1036 997 tni
1052 939 1198 997 sententia.
1242 939 1283 996 Ta

205 1037 321 1076 acorem
342 1016 447 1076 labes?
476 1017 550 1078 Ideo
572 1017 708 1077 Ciceroni
726 1016 798 1075 ficta
817 1017 878 1088 lex,
899 1016 937 1076 de
956 1018 1028 1096 Leg.
1043 1024 1074 1087 3,
1087 1022 1117 1078 3.
1161 1015 1282 1075 Getides

206 1116 265 1236 ἷζε
276 1093 460 1234 miliia·
481 1099 548 1238 Ne9c
563 1096 730 1236 ipgnpmirgae
743 1095 1015 1235 spllumeprplppptus,
1029 1095 1083 1234 seg
1096 1115 1192 1174 poenre
1211 1105 1285 1154 erat.

267 1195 325 1234 aa
390 1194 512 1234 aenum
548 1218 555 1244 ,
587 1222 596 1246 ‚
631 1218 640 1235 .
708 1196 765 1234 amr
790 1197 822 1235 ns
945 1196 1035 1235 amnas
1080 1195 1189 1234 esaores
1221 1193 1283 1234 aera

202 1195 305 1333 prend)
315 1255 434 1323 nomine,
454 1275 512 1326 eos,
531 1256 579 1336 qni
592 1254 632 1314 nd
642 1264 812 1316 senectutem
826 1253 934 1315 ooliba
947 1263 1148 1336 peramant,
1169 1217 1200 1314 iri
1212 1274 1286 1314 arn·

207 1333 282 1394 mam
306 1333 421 1412 deferre
436 1333 590 1414 jusserant.
630 1335 668 1394 Et
693 1335 796 1393 Festus
820 1345 934 1401 auctor,
963 1334 1099 1395 Uxorium
1141 1332 1285 1414 ependisse

207 1411 276 1481 diei,
291 1413 348 1492 qni,
361 1413 437 1490 qnod
448 1434 561 1474 uxorem
575 1435 630 1474 non
646 1413 785 1483 labavit,
798 1434 839 1472 aas
854 1409 961 1492 populo
978 1413 1066 1474 dedit.
1107 1355 1284 1491 llxemplum

207 1489 326 1550 videtur
349 1491 386 1550 ab
410 1493 559 1570 Spartanis
578 1493 717 1594 petitum,
745 1490 824 1570 apud
845 1511 920 1572 quos
943 1489 1068 1573 ἄγαμον
1095 1490 1187 1571 ζημία,
1213 1491 1282 1560 imo,

206 1566 363 1652 ὀψιγαμίου
376 1570 425 1632 nal
437 1592 626 1654 nanoyapnu,
641 1581 674 1630 ut
687 1583 772 1630 notat
781 1570 890 1631 Pollux
903 1575 935 1641 3,
947 1576 979 1631 3.
1020 1571 1087 1630 Nec
1103 1584 1201 1628 tamen
1214 1569 1285 1647 lege

209 1649 321 1728 aliquid
342 1662 462 1710 cautum
482 1651 612 1730 reperi03
638 1649 694 1710 nisi
711 1651 794 1730 quod
813 1651 848 1711 C.
867 1650 965 1709 Coesar
984 1660 1051 1729 post
1070 1646 1179 1708 bellum
1199 1648 1283 1708 Afri-

208 1747 326 1800 canum,
341 1729 532 1790 vehementer
545 1729 689 1790 exhausta
702 1731 787 1799 urbe,
805 1729 923 1809 premia
935 1727 1089 1808 proposuit
1101 1725 1284 1786 multitudini

207 1806 384 1868 liberorum:
405 1807 495 1890 idque
506 1810 667 1869 Praefectus
679 1828 795 1868 morum
808 1821 839 1868 et
852 1808 935 1888 quasi
947 1809 1069 1868 Censor.
1103 1807 1164 1866 Dio
1174 1810 1224 1878 43,
1236 1809 1285 1867 25.

205 1886 318 1966 Ἐπιιδή
327 1903 358 1946 re
374 1886 443 1966 δεινὴ
457 1881 681 1970 ὀλιγανθρωπία,
699 1885 745 1948 ini
756 1886 788 1948 ri
801 1887 858 1948 ruis
870 1884 1061 1949 ἀπολωλότων
1072 1885 1191 1964 πλῆθος,
1204 1883 1240 1954 ὥς
1253 1882 1287 1944 ἔκ

206 1983 238 2026 τε
251 1966 307 2026 rain
320 1963 497 2050 ἀπογραφῶν
519 1967 580 2044 (nai
592 1967 651 2050 peip
666 1965 785 2036 ἐκείνας,
803 1964 842 2027 rai
853 1985 885 2028 rs
897 1965 990 2039 ἄλλα,
1007 1964 1097 2047 ὥσπερ
1114 1984 1156 2034 τις
1167 1961 1285 2043 τιμητὴς

206 2041 332 2124 ἐποίησε)
355 2047 403 2108 nal
420 2052 453 2108 ἐκ
472 2048 521 2128 τῆς
543 2040 632 2118 ὅψεως
654 2047 739 2122 αὐτῆς
758 2044 915 2126 ἠλέγχετο,
933 2041 977 2123 ἢν,
997 2039 1180 2113 πολυπαιδίας
1200 2037 1285 2104 ἆθλα

205 2123 358 2202 ἐπέθηκεν.
399 2127 512 2186 Primus
526 2127 680 2202 Augustus
702 2143 728 2182 a.
744 2145 774 2184 u.
795 2127 863 2187 736.
888 2137 999 2182 certam
1019 2124 1117 2200 legem
1131 2123 1240 2201 posuit,
1255 2133 1286 2180 et

219 2204 330 2274 ‚raemia
343 2223 504 2283 poenasque
518 2203 658 2263 distinxit.
698 2203 742 2262 Ea
756 2201 836 2261 dicta
849 2201 935 2262 Julia
947 2202 982 2261 de
996 2201 1164 2261 mantandis
1175 2201 1285 2262 ordini·

207 2221 283 2344 dns:
310 2301 399 2362 quarn
421 2296 520 2342 tamen
546 2302 608 2419 prae
635 2280 824 2341 multitudine
848 2281 1048 2340 recusantium
1071 2279 1204 2360 perferre
1227 2299 1285 2339 nou

207 2360 678 2503 tttttt‘t‘iffmtttl‘tt
691 2359 1286 2518 tittttttfflinittizttt

209 2520 350 2658 pacandam
364 2521 569 2658 edictafiiemns
582 2533 699 2600 uterque
713 2521 781 2579 din:
802 2521 850 2580 Ne
861 2541 914 2579 nor
924 2504 1090 2596 didderest
1094 2562 1181 2590 .....
1192 2517 1287 2596 elegia

231 2599 260 2657 la
283 2608 356 2660 totu.
397 2600 438 2658 Et
492 2600 601 2658 oratius
624 2600 653 2658 in
676 2601 774 2660 Cantu
793 2598 928 2659 saeculari
951 2603 986 2662 17
1005 2617 1069 2676 sq..
1083 2607 1287 2677 ..patrumque

211 2677 368 2756 Prosperes
387 2679 501 2738 decreta
519 2699 607 2757 snper
622 2677 761 2770 juvandis
781 2677 910 2748 lerninis,
931 2677 1077 2757 prolisque
1095 2699 1176 2737 nauoe
1184 2675 1289 2755 finani

213 2757 293 2835 Lege
306 2756 418 2818 marita.
460 2756 519 2817 Ubi
540 2757 712 2816 scholiastes
726 2769 829 2817 vetus:
852 2759 915 2818 Lea
929 2759 1031 2818 moritu
1045 2757 1159 2828 dicitnr,
1174 2776 1239 2836 ques
1252 2754 1287 2814 de

210 2835 382 2896 maritandis
395 2835 538 2896 ordinibus
552 2839 612 2897 lata
625 2850 696 2905 erat,
712 2857 776 2915 qam
789 2834 817 2895 e't
829 2835 914 2896 natta
927 2838 1002 2897 dieta
1015 2849 1065 2896 est.
1104 2836 1203 2896 Casas
1215 2833 1288 2893 enim

205 2924 273 2994 past
287 2914 387 2976 bellam
399 2913 490 2996 legem
504 2913 577 2986 tulit,
592 2917 688 2997 nequis
707 2929 759 2975 ant
775 2913 876 2976 caleis
895 2925 975 2987 esset,
996 2923 1047 2974 ant
1067 2914 1151 2974 viduo
1172 2913 1287 2982 nubilis,

229 3016 266 3056 uo
274 3009 371 3074 posset
374 2998 495 3076 jactura
499 2995 638 3073 juvenum
652 2996 793 3076 reparari,
807 3016 872 3073 qna
882 2995 963 3055 bellis
975 2992 1102 3053 civilibus
1115 2993 1287 3071 contigerat.

209 3015 288 3136 liam
300 3095 393 3158 prope
406 3074 543 3152 octoginta
564 3075 655 3136 millia
671 3083 845 3146 armatorum
864 3074 1038 3135 interierant.
1077 3072 1116 3132 Et
1130 3071 1167 3130 de
1182 3069 1289 3132 eadem

209 3153 241 3212 in
265 3155 339 3213 actis
364 3157 465 3232 ejusce
487 3154 554 3212 anni
577 3155 636 3214 Dio
657 3157 706 3223 54,
731 3157 775 3214 16.
815 3151 849 3214 ‘0
872 3151 895 3212 δ’
914 3147 1077 3232 Αὔγουστος
1096 3151 1135 3214 rai
1151 3168 1183 3210 rs
1206 3148 1288 3212 ἄλλα

210 3231 405 3328 ἐνομοθέτησε,
418 3234 474 3303 τοῖς
487 3255 518 3293 τε
529 3231 655 3326 olysipona
669 3231 717 3294 nal
730 3234 792 3303 ταῖς
805 3229 946 3326 drisiparf
958 3231 1102 3314 βαρύτερα
1113 3229 1151 3289 mi
1163 3227 1288 3310 ἐπιτίμια
1399 3245 1402 3250 ·

211 3312 338 3385 επεταξε,
360 3310 406 3370 nal
419 3308 543 3390 {param
556 3332 602 3371 του
616 3329 648 3372 τε
660 3312 758 3391 γάμου
772 3310 820 3373 nal
832 3331 880 3388 της
893 3309 1064 3380 παιδοποιΐας
1080 3306 1166 3371 alita
1179 3307 1288 3388 ἔθηκεν.

211 3390 260 3450 Ex
275 3388 378 3448 Dionis
392 3390 489 3448 verbis
503 3390 625 3462 clarum,
639 3391 726 3451 etiam
739 3402 809 3451 ante
821 3410 923 3450 curam
943 3409 1010 3448 eam
1023 3389 1114 3447 fuisse
1129 3391 1286 3468 Augusto:

211 3467 253 3530 ait
273 3468 349 3527 enirn
369 3464 512 3552 βαρύτερα
524 3466 562 3528 τοὶ
573 3467 716 3550 incripta:
737 3481 767 3528 et
780 3469 874 3539 addit,
890 3465 1015 3551 {Manis
1031 3467 1140 3547 ἔθηκεν.
1175 3469 1216 3529 Et
1228 3487 1287 3527 nou

210 3546 300 3610 dubie
324 3547 435 3626 aliquid
455 3568 543 3626 super
564 3569 600 3608 ea
619 3569 652 3608 re
671 3549 764 3608 latum
784 3549 814 3607 in
832 3550 897 3627 ejus
914 3559 999 3608 sexto
1014 3548 1187 3618 Consulatu,
1205 3546 1287 3608 annis

212 3627 319 3686 decern
343 3639 421 3686 ante.
456 3627 569 3687 Suadet
593 3627 715 3687 Tacitus
741 3649 768 3688 c.
788 3631 836 3689 28.
893 3629 980 3688 Sesto
1000 3628 1111 3688 demam
1134 3627 1288 3690 &malas

212 3705 474 3786 UasarAngnstus
482 3707 620 3786 potentia
632 3728 757 3776 securas,
770 3729 837 3786 qna
844 3707 873 3766 T
870 3706 1039 3768 riamnirata
1040 3711 1183 3788 jusserat,
1194 3706 1288 3768 ahak·

209 3787 271 3845 nit.-
293 3785 424 3866 deditque
432 3789 519 3865 jara,
540 3787 601 3867 qais
614 3809 690 3868 paee
707 3801 736 3846 et
748 3787 888 3864 Principe
900 3797 1064 3846 uteremur:
1085 3786 1197 3847 acriam
1210 3808 1244 3846 ea
1255 3807 1289 3850 eo

210 3862 314 3935 uincla,
336 3865 420 3926 inditi
433 3867 560 3926 custodes
567 3892 580 3936 ‚·
602 3880 630 3926 et
654 3869 680 3926 le
699 3887 715 3926 e
733 3867 832 3944 Papia
849 3865 983 3948 premiis
1005 3866 1118 3938 inducti,
1139 3877 1192 3929 etc.
1228 3865 1289 3926 Sed

207 3941 301 4002 latum
326 3944 509 4034 imperfecte.
551 3945 656 4024 Capita
676 3889 754 4024 legis
778 3945 867 4005 Juliae
889 3946 1030 4005 fueruntr
1060 3944 1113 4008 Uti
1136 3944 1287 4007 libertinas

207 4021 319 4082 ducere
353 4023 459 4083 liceret
493 4025 639 4094 omnibus,
671 4035 781 4103 praeter
807 4027 975 4085 Senatores.
1034 4025 1087 4088 Uti
1113 4023 1289 4102 sponsiones

206 4101 419 4181 pactionesque
432 4103 579 4182 nuptiales
592 4122 651 4162 non
666 4103 743 4163 ultra
756 4103 908 4163 biennium
922 4103 1032 4164 differri
1047 4106 1097 4182 jus
1111 4111 1198 4162 esset.
1232 4101 1287 4163 Uti

209 4179 400 4240 divortiorum
424 4195 523 4242 certus
547 4191 625 4243 esset
648 4179 754 4242 modus
775 4183 902 4262 aliaque,
928 4204 994 4264 quas
1015 4194 1119 4262 postea
1138 4181 1287 4262 inlegem

207 4259 328 4339 Papiam
344 4260 437 4321 mixta
451 4273 481 4322 ct
495 4262 614 4322 inserta.
655 4261 737 4324 Julia
750 4281 833 4340 ergo,
845 4274 980 4342 tempore
994 4283 1012 4322 a
1025 4260 1117 4342 Papia
1130 4259 1289 4323 distincta:

243 4390 257 4418 ⁸
274 4388 313 4439 ct.
326 4391 393 4439 Suet.
406 4389 472 4454 Aug.
484 4393 525 4441 89.
536 4405 590 4440 cum
602 4392 668 4457 Epir.
682 4391 745 4440 Livii
761 4392 800 4441 59.

233 4458 255 4519 †
267 4455 332 4518 laege
346 4455 387 4505 Ni
398 4470 440 4502 nor
450 4457 576 4517 divideret,
588 4457 627 4505 ubi
639 4465 721 4506 notam
732 4458 869 4522 intaipretes
880 4461 907 4507 ni
917 4474 960 4523 pm
972 4473 1001 4507 se
1010 4457 1122 4522 positum·
