<?xml version="1.0" encoding="UTF-8"?>
<!DOCTYPE html PUBLIC "-//W3C//DTD XHTML 1.0 Transitional//EN"
    "http://www.w3.org/TR/xhtml1/DTD/xhtml1-transitional.dtd">
<html xmlns="http://www.w3.org/1999/xhtml" xml:lang="en" lang="en">
 <head>
  <title>
</title>
<meta http-equiv="Content-Type" content="text/html;charset=utf-8" />
  <meta name='ocr-system' content='tesseract 3.04.00' />
  <meta name='ocr-capabilities' content='ocr_page ocr_carea ocr_par ocr_line ocrx_word'/>
</head>
<body>
  <div class='ocr_page' id='page_1' title='image "./ccorneliitaciti02grongoog_0138.png"; bbox 0 0 3034 4967; ppageno 0'>
   <div class='ocr_carea' id='block_1_1' title="bbox 568 553 994 825">
    <p class='ocr_par' dir='ltr' id='par_1_1' title="bbox 568 553 994 825">
     <span class='ocr_line' id='line_1_1' title="bbox 568 553 994 678; baseline -0.002 -38"><span class='ocrx_word' id='word_1_1' title='bbox 568 553 741 640; x_wconf 75' lang='lat' dir='ltr'><strong>susus</strong></span> <span class='ocrx_word' id='word_1_2' title='bbox 773 557 951 640; x_wconf 77' lang='lat' dir='ltr'><strong>Lissa</strong></span> <span class='ocrx_word' id='word_1_3' title='bbox 991 673 994 678; x_wconf 16' lang='grc'><strong>,</strong></span> 
     </span>
     <span class='ocr_line' id='line_1_2' title="bbox 632 759 886 825; baseline 0.004 -1"><span class='ocrx_word' id='word_1_4' title='bbox 632 759 886 825; x_wconf 89' lang='lat' dir='ltr'>EXCURSUS</span> 
     </span>
    </p>
   </div>
   <div class='ocr_carea' id='block_1_2' title="bbox 739 935 778 970">
    <p class='ocr_par' dir='ltr' id='par_1_2' title="bbox 739 935 778 970">
     <span class='ocr_line' id='line_1_3' title="bbox 739 935 778 970; baseline 0 0"><span class='ocrx_word' id='word_1_5' title='bbox 739 935 778 970; x_wconf 76' lang='lat' dir='ltr'><strong>An</strong></span> 
     </span>
    </p>
   </div>
   <div class='ocr_carea' id='block_1_3' title="bbox 488 1063 1026 1155">
    <p class='ocr_par' dir='ltr' id='par_1_3' title="bbox 488 1063 1026 1155">
     <span class='ocr_line' id='line_1_4' title="bbox 488 1063 1026 1155; baseline 0.007 -4"><span class='ocrx_word' id='word_1_6' title='bbox 488 1063 1026 1155; x_wconf 86' lang='lat' dir='ltr'>ANNALIUM</span> 
     </span>
    </p>
   </div>
   <div class='ocr_carea' id='block_1_4' title="bbox 679 1262 836 1322">
    <p class='ocr_par' dir='ltr' id='par_1_4' title="bbox 679 1262 836 1322">
     <span class='ocr_line' id='line_1_5' title="bbox 679 1262 836 1322; baseline 0 -2"><span class='ocrx_word' id='word_1_7' title='bbox 679 1262 756 1322; x_wconf 89' lang='lat' dir='ltr'><strong>LIB.</strong></span> <span class='ocrx_word' id='word_1_8' title='bbox 780 1262 836 1321; x_wconf 86' lang='lat'><strong>111.</strong></span> 
     </span>
    </p>
   </div>
   <div class='ocr_carea' id='block_1_5' title="bbox 585 1455 932 1469">
    <p class='ocr_par' dir='ltr' id='par_1_5' title="bbox 585 1455 932 1469">
     <span class='ocr_line' id='line_1_6' title="bbox 585 1455 932 1469; baseline 0 -1"><span class='ocrx_word' id='word_1_9' title='bbox 585 1455 932 1469; x_wconf 57' lang='lat' dir='ltr'><em>m</em></span> 
     </span>
    </p>
   </div>
   <div class='ocr_carea' id='block_1_6' title="bbox 677 1588 842 1796">
    <p class='ocr_par' dir='ltr' id='par_1_6' title="bbox 677 1588 842 1796">
     <span class='ocr_line' id='line_1_7' title="bbox 739 1588 777 1644; baseline -0.026 0"><span class='ocrx_word' id='word_1_10' title='bbox 739 1588 777 1644; x_wconf 88' lang='lat' dir='ltr'><strong>A.</strong></span> 
     </span>
     <span class='ocr_line' id='line_1_8' title="bbox 677 1737 842 1796; baseline -0.018 0"><span class='ocrx_word' id='word_1_11' title='bbox 677 1737 768 1796; x_wconf 90' lang='lat' dir='ltr'><strong>CAP.</strong></span> <span class='ocrx_word' id='word_1_12' title='bbox 790 1737 842 1794; x_wconf 89' lang='lat' dir='ltr'><strong>lV.</strong></span> 
     </span>
    </p>
   </div>
   <div class='ocr_carea' id='block_1_7' title="bbox 220 1896 1298 2135">
    <p class='ocr_par' dir='ltr' id='par_1_7' title="bbox 220 1896 1298 2135">
     <span class='ocr_line' id='line_1_9' title="bbox 261 1896 1292 1976; baseline 0.002 -20"><span class='ocrx_word' id='word_1_13' title='bbox 261 1898 334 1958; x_wconf 88' lang='lat' dir='ltr'><strong>Mos</strong></span> <span class='ocrx_word' id='word_1_14' title='bbox 350 1898 425 1956; x_wconf 88' lang='lat' dir='ltr'><strong>adeo</strong></span> <span class='ocrx_word' id='word_1_15' title='bbox 440 1897 534 1966; x_wconf 86' lang='lat' dir='ltr'><strong>tritus,</strong></span> <span class='ocrx_word' id='word_1_16' title='bbox 549 1910 582 1956; x_wconf 88' lang='lat' dir='ltr'><strong>ut</strong></span> <span class='ocrx_word' id='word_1_17' title='bbox 596 1896 727 1955; x_wconf 80' lang='lat' dir='ltr'>Isidorus</span> <span class='ocrx_word' id='word_1_18' title='bbox 746 1901 791 1966; x_wconf 81' lang='lat'><strong>12,</strong></span> <span class='ocrx_word' id='word_1_19' title='bbox 802 1903 844 1957; x_wconf 35' lang='lat'><strong>2..</strong></span> <span class='ocrx_word' id='word_1_20' title='bbox 864 1900 960 1958; x_wconf 85' lang='lat' dir='ltr'><strong>Funus</strong></span> <span class='ocrx_word' id='word_1_21' title='bbox 972 1901 1077 1958; x_wconf 80' lang='lat' dir='ltr'><strong>dictum</strong></span> <span class='ocrx_word' id='word_1_22' title='bbox 1090 1920 1108 1956; x_wconf 94' lang='lat' dir='ltr'><strong>a</strong></span> <span class='ocrx_word' id='word_1_23' title='bbox 1111 1897 1232 1976; x_wconf 83' lang='lat' dir='ltr'><strong>suaibus</strong></span> <span class='ocrx_word' id='word_1_24' title='bbox 1246 1919 1292 1958; x_wconf 87' lang='lat' dir='ltr'><strong>ac·</strong></span> 
     </span>
     <span class='ocr_line' id='line_1_10' title="bbox 225 1977 1298 2114; baseline 0 -78"><span class='ocrx_word' id='word_1_25' title='bbox 225 1980 323 2070; x_wconf 62' lang='lat' dir='ltr'><strong>ceasia</strong></span> <span class='ocrx_word' id='word_1_26' title='bbox 335 1978 498 2114; x_wconf 52' lang='lat' dir='ltr'><strong>velstgqufm</strong></span> <span class='ocrx_word' id='word_1_27' title='bbox 508 1979 723 2056; x_wconf 71' lang='lat' dir='ltr'><strong>anteferebam</strong></span> <span class='ocrx_word' id='word_1_28' title='bbox 731 1979 854 2056; x_wconf 74' lang='lat' dir='ltr'><strong>papyris</strong></span> <span class='ocrx_word' id='word_1_29' title='bbox 864 1979 1048 2038; x_wconf 82' lang='lat' dir='ltr'><strong>circumdatis</strong></span> <span class='ocrx_word' id='word_1_30' title='bbox 1053 1977 1198 2056; x_wconf 70' lang='lat' dir='ltr'><strong>fhecbaat.</strong></span> <span class='ocrx_word' id='word_1_31' title='bbox 1223 1979 1298 2036; x_wconf 88' lang='lat' dir='ltr'><strong>Am·</strong></span> 
     </span>
     <span class='ocr_line' id='line_1_11' title="bbox 220 2054 1295 2135; baseline 0.002 -21"><span class='ocrx_word' id='word_1_32' title='bbox 220 2057 335 2116; x_wconf 86' lang='lat' dir='ltr'><strong>brosrus</strong></span> <span class='ocrx_word' id='word_1_33' title='bbox 346 2057 384 2115; x_wconf 90' lang='lat' dir='ltr'><strong>de</strong></span> <span class='ocrx_word' id='word_1_34' title='bbox 394 2077 422 2114; x_wconf 84' lang='lat' dir='ltr'><strong>vr</strong></span> <span class='ocrx_word' id='word_1_35' title='bbox 445 2067 536 2115; x_wconf 85' lang='lat' dir='ltr'><strong>urtate</strong></span> <span class='ocrx_word' id='word_1_36' title='bbox 552 2061 575 2124; x_wconf 87' lang='lat'><strong>1,</strong></span> <span class='ocrx_word' id='word_1_37' title='bbox 592 2059 635 2113; x_wconf 84' lang='lat'><strong>15.</strong></span> <span class='ocrx_word' id='word_1_38' title='bbox 668 2054 718 2112; x_wconf 84' lang='lat' dir='ltr'><strong>Vei</strong></span> <span class='ocrx_word' id='word_1_39' title='bbox 732 2077 795 2113; x_wconf 91' lang='lat' dir='ltr'><strong>cum</strong></span> <span class='ocrx_word' id='word_1_40' title='bbox 808 2058 936 2115; x_wconf 84' lang='lat' dir='ltr'><strong>accensis</strong></span> <span class='ocrx_word' id='word_1_41' title='bbox 935 2059 1090 2135; x_wconf 83' lang='lat' dir='ltr'><strong>funalibus</strong></span> <span class='ocrx_word' id='word_1_42' title='bbox 1100 2079 1164 2116; x_wconf 74' lang='lat' dir='ltr'><strong>euax</strong></span> <span class='ocrx_word' id='word_1_43' title='bbox 1172 2058 1295 2126; x_wconf 82' lang='lat' dir='ltr'><strong>ducitur,</strong></span> 
     </span>
    </p>
   </div>
   <div class='ocr_carea' id='block_1_8' title="bbox 215 2134 1295 2509">
    <p class='ocr_par' dir='ltr' id='par_1_8' title="bbox 215 2134 1295 2509">
     <span class='ocr_line' id='line_1_12' title="bbox 220 2134 1295 2216; baseline 0 -22"><span class='ocrx_word' id='word_1_44' title='bbox 220 2157 311 2194; x_wconf 82' lang='lat' dir='ltr'><strong>noune</strong></span> <span class='ocrx_word' id='word_1_45' title='bbox 321 2156 435 2216; x_wconf 74' lang='lat' dir='ltr'><strong>pompae</strong></span> <span class='ocrx_word' id='word_1_46' title='bbox 441 2135 578 2214; x_wconf 78' lang='lat' dir='ltr'><strong>funebris</strong></span> <span class='ocrx_word' id='word_1_47' title='bbox 589 2134 734 2210; x_wconf 79' lang='lat' dir='ltr'><strong>essequias</strong></span> <span class='ocrx_word' id='word_1_48' title='bbox 747 2135 838 2213; x_wconf 86' lang='lat' dir='ltr'><strong>magis</strong></span> <span class='ocrx_word' id='word_1_49' title='bbox 845 2148 942 2214; x_wconf 80' lang='lat' dir='ltr'><strong>putat,</strong></span> <span class='ocrx_word' id='word_1_50' title='bbox 957 2158 1041 2214; x_wconf 88' lang='lat' dir='ltr'><strong>quam</strong></span> <span class='ocrx_word' id='word_1_51' title='bbox 1055 2136 1207 2195; x_wconf 80' lang='lat' dir='ltr'><strong>tisdamum</strong></span> <span class='ocrx_word' id='word_1_52' title='bbox 1217 2157 1295 2216; x_wconf 78' lang='lat' dir='ltr'><strong>prce·</strong></span> 
     </span>
     <span class='ocr_line' id='line_1_13' title="bbox 215 2211 1295 2294; baseline 0.002 -22"><span class='ocrx_word' id='word_1_53' title='bbox 215 2217 343 2294; x_wconf 75' lang='lat' dir='ltr'><strong>parari?</strong></span> <span class='ocrx_word' id='word_1_54' title='bbox 373 2213 489 2272; x_wconf 89' lang='lat' dir='ltr'><strong>Ailudit</strong></span> <span class='ocrx_word' id='word_1_55' title='bbox 509 2211 682 2270; x_wconf 86' lang='lat' dir='ltr'><strong>Ambrosius</strong></span> <span class='ocrx_word' id='word_1_56' title='bbox 701 2211 784 2279; x_wconf 87' lang='lat' dir='ltr'><strong>illuc,</strong></span> <span class='ocrx_word' id='word_1_57' title='bbox 802 2231 960 2292; x_wconf 83' lang='lat' dir='ltr'><strong>quo-soepe</strong></span> <span class='ocrx_word' id='word_1_58' title='bbox 979 2225 1091 2292; x_wconf 87' lang='lat' dir='ltr'><strong>poetae:</strong></span> <span class='ocrx_word' id='word_1_59' title='bbox 1113 2227 1147 2273; x_wconf 89' lang='lat' dir='ltr'><strong>ut</strong></span> <span class='ocrx_word' id='word_1_60' title='bbox 1172 2216 1295 2274; x_wconf 75' lang='lat' dir='ltr'><em>Viximus</em></span> 
     </span>
     <span class='ocr_line' id='line_1_14' title="bbox 221 2291 1295 2371; baseline 0 -19"><span class='ocrx_word' id='word_1_61' title='bbox 221 2295 347 2370; x_wconf 75' lang='lat' dir='ltr'><strong>insignes</strong></span> <span class='ocrx_word' id='word_1_62' title='bbox 374 2294 445 2350; x_wconf 87' lang='lat' dir='ltr'><strong>iuter</strong></span> <span class='ocrx_word' id='word_1_63' title='bbox 471 2299 618 2370; x_wconf 78' lang='lat' dir='ltr'><strong>utramque</strong></span> <span class='ocrx_word' id='word_1_64' title='bbox 629 2291 741 2368; x_wconf 84' lang='lat' dir='ltr'><strong>facem.</strong></span> <span class='ocrx_word' id='word_1_65' title='bbox 792 2292 934 2370; x_wconf 85' lang='lat' dir='ltr'><strong>Apuleius</strong></span> <span class='ocrx_word' id='word_1_66' title='bbox 956 2293 1065 2353; x_wconf 88' lang='lat' dir='ltr'><strong>Florid.</strong></span> <span class='ocrx_word' id='word_1_67' title='bbox 1088 2297 1117 2350; x_wconf 69' lang='lat'><strong>2.</strong></span> <span class='ocrx_word' id='word_1_68' title='bbox 1142 2305 1209 2371; x_wconf 90' lang='lat' dir='ltr'><strong>post</strong></span> <span class='ocrx_word' id='word_1_69' title='bbox 1232 2294 1295 2352; x_wconf 89' lang='lat' dir='ltr'><strong>init.</strong></span> 
     </span>
     <span class='ocr_line' id='line_1_15' title="bbox 222 2369 1293 2509; baseline 0.001 -79"><span class='ocrx_word' id='word_1_70' title='bbox 222 2372 394 2431; x_wconf 80' lang='lat' dir='ltr'><strong>Gomudiaus</strong></span> <span class='ocrx_word' id='word_1_71' title='bbox 416 2371 476 2450; x_wconf 86' lang='lat' dir='ltr'><strong>ejus</strong></span> <span class='ocrx_word' id='word_1_72' title='bbox 494 2372 576 2452; x_wconf 85' lang='lat' dir='ltr'><strong>prius</strong></span> <span class='ocrx_word' id='word_1_73' title='bbox 600 2369 639 2428; x_wconf 92' lang='lat' dir='ltr'><strong>ad</strong></span> <span class='ocrx_word' id='word_1_74' title='bbox 652 2370 807 2448; x_wconf 78' lang='lat' dir='ltr'><em>funebrem</em></span> <span class='ocrx_word' id='word_1_75' title='bbox 825 2372 1047 2509; x_wconf 52' lang='lat' dir='ltr'><strong><em>faoem&#39;fflam</em></strong></span> <span class='ocrx_word' id='word_1_76' title='bbox 1069 2372 1109 2430; x_wconf 91' lang='lat' dir='ltr'><strong>ad</strong></span> <span class='ocrx_word' id='word_1_77' title='bbox 1130 2371 1293 2451; x_wconf 78' lang='lat' dir='ltr'><strong><em>nuptialem,</em></strong></span> 
     </span>
    </p>
   </div>
   <div class='ocr_carea' id='block_1_9' title="bbox 137 2449 1308 4426">
    <p class='ocr_par' dir='ltr' id='par_1_9' title="bbox 137 2449 1308 4426">
     <span class='ocr_line' id='line_1_16' title="bbox 219 2449 1295 2532; baseline -0.002 -21"><span class='ocrx_word' id='word_1_78' title='bbox 219 2453 331 2511; x_wconf 85' lang='lat' dir='ltr'><strong>uenisse.</strong></span> <span class='ocrx_word' id='word_1_79' title='bbox 356 2451 439 2528; x_wconf 86' lang='lat' dir='ltr'><strong>Calp.</strong></span> <span class='ocrx_word' id='word_1_80' title='bbox 451 2451 576 2508; x_wconf 89' lang='lat' dir='ltr'><strong>Flaccus</strong></span> <span class='ocrx_word' id='word_1_81' title='bbox 586 2449 720 2508; x_wconf 82' lang='lat' dir='ltr'><strong>Decium.</strong></span> <span class='ocrx_word' id='word_1_82' title='bbox 734 2453 784 2509; x_wconf 72' lang='grc'><strong>29.</strong></span> <span class='ocrx_word' id='word_1_83' title='bbox 807 2451 940 2509; x_wconf 86' lang='lat' dir='ltr'><strong>Facemu</strong></span> <span class='ocrx_word' id='word_1_84' title='bbox 979 2450 1295 2532; x_wconf 79' lang='lat' dir='ltr'><strong>antistiioepraseram,</strong></span> 
     </span>
     <span class='ocr_line' id='line_1_17' title="bbox 220 2528 1292 2610; baseline 0.001 -22"><span class='ocrx_word' id='word_1_85' title='bbox 220 2553 258 2588; x_wconf 88' lang='lat' dir='ltr'><strong>aa</strong></span> <span class='ocrx_word' id='word_1_86' title='bbox 280 2551 379 2610; x_wconf 83' lang='lat' dir='ltr'><strong>rogum</strong></span> <span class='ocrx_word' id='word_1_87' title='bbox 395 2530 521 2607; x_wconf 79' lang='lat' dir='ltr'><strong>jaceatis</strong></span> <span class='ocrx_word' id='word_1_88' title='bbox 544 2529 720 2588; x_wconf 72' lang='lat' dir='ltr'><strong>accendam?</strong></span> <span class='ocrx_word' id='word_1_89' title='bbox 751 2528 840 2592; x_wconf 84' lang='lat' dir='ltr'><strong>Quod</strong></span> <span class='ocrx_word' id='word_1_90' title='bbox 856 2529 984 2588; x_wconf 86' lang='lat' dir='ltr'><strong>isidorus</strong></span> <span class='ocrx_word' id='word_1_91' title='bbox 1002 2532 1051 2599; x_wconf 85' lang='lat' dir='ltr'><strong>ait,</strong></span> <span class='ocrx_word' id='word_1_92' title='bbox 1071 2530 1160 2589; x_wconf 85' lang='lat' dir='ltr'><strong>funes</strong></span> <span class='ocrx_word' id='word_1_93' title='bbox 1179 2550 1292 2608; x_wconf 83' lang='lat' dir='ltr'><strong>papyro</strong></span> 
     </span>
     <span class='ocr_line' id='line_1_18' title="bbox 221 2607 1293 2687; baseline 0.002 -20"><span class='ocrx_word' id='word_1_94' title='bbox 221 2609 436 2667; x_wconf 84' lang='lat' dir='ltr'><strong>circumdatos:</strong></span> <span class='ocrx_word' id='word_1_95' title='bbox 457 2627 516 2666; x_wconf 87' lang='lat' dir='ltr'><strong>non</strong></span> <span class='ocrx_word' id='word_1_96' title='bbox 535 2627 553 2665; x_wconf 86' lang='lat' dir='ltr'><strong>a</strong></span> <span class='ocrx_word' id='word_1_97' title='bbox 571 2627 602 2664; x_wconf 94' lang='lat' dir='ltr'><strong>se</strong></span> <span class='ocrx_word' id='word_1_98' title='bbox 623 2607 724 2676; x_wconf 88' lang='lat' dir='ltr'><strong>habet,</strong></span> <span class='ocrx_word' id='word_1_99' title='bbox 746 2607 830 2665; x_wconf 85' lang='lat' dir='ltr'><strong>seda</strong></span> <span class='ocrx_word' id='word_1_100' title='bbox 844 2608 940 2684; x_wconf 88' lang='lat' dir='ltr'><strong>prisco</strong></span> <span class='ocrx_word' id='word_1_101' title='bbox 954 2609 1114 2687; x_wconf 84' lang='lat' dir='ltr'><strong>scriptore:</strong></span> <span class='ocrx_word' id='word_1_102' title='bbox 1135 2629 1192 2668; x_wconf 86' lang='lat' dir='ltr'><strong>nec</strong></span> <span class='ocrx_word' id='word_1_103' title='bbox 1207 2620 1293 2670; x_wconf 84' lang='lat' dir='ltr'><strong>errat.</strong></span> 
     </span>
     <span class='ocr_line' id='line_1_19' title="bbox 221 2686 1296 2770; baseline 0.002 -22"><span class='ocrx_word' id='word_1_104' title='bbox 221 2687 346 2748; x_wconf 87' lang='lat' dir='ltr'>Plinium</span> <span class='ocrx_word' id='word_1_105' title='bbox 359 2687 400 2746; x_wconf 86' lang='lat' dir='ltr'><strong>ita</strong></span> <span class='ocrx_word' id='word_1_106' title='bbox 411 2687 495 2764; x_wconf 88' lang='lat' dir='ltr'><strong>capio</strong></span> <span class='ocrx_word' id='word_1_107' title='bbox 511 2690 556 2756; x_wconf 88' lang='lat'><strong>16,</strong></span> <span class='ocrx_word' id='word_1_108' title='bbox 563 2687 600 2748; x_wconf 78' lang='lat'><strong>37</strong></span> <span class='ocrx_word' id='word_1_109' title='bbox 615 2687 695 2762; x_wconf 84' lang='lat'><strong>(70).</strong></span> <span class='ocrx_word' id='word_1_110' title='bbox 723 2686 788 2745; x_wconf 88' lang='lat' dir='ltr'><strong>Nec</strong></span> <span class='ocrx_word' id='word_1_111' title='bbox 798 2686 975 2766; x_wconf 80' lang='lat' dir='ltr'><strong>iusniticum</strong></span> <span class='ocrx_word' id='word_1_112' title='bbox 985 2688 1076 2750; x_wconf 87' lang='lat' dir='ltr'><strong>ueciu</strong></span> <span class='ocrx_word' id='word_1_113' title='bbox 1086 2689 1210 2770; x_wconf 66' lang='lat' dir='ltr'><strong>uepuum</strong></span> <span class='ocrx_word' id='word_1_114' title='bbox 1270 2711 1296 2750; x_wconf 67' lang='grc' dir='ltr'><strong>,ι</strong></span> 
     </span>
     <span class='ocr_line' id='line_1_20' title="bbox 218 2763 1296 2847; baseline 0.002 -23"><span class='ocrx_word' id='word_1_115' title='bbox 218 2787 320 2845; x_wconf 83' lang='lat' dir='ltr'><strong>genere</strong></span> <span class='ocrx_word' id='word_1_116' title='bbox 337 2765 424 2842; x_wconf 78' lang='lat' dir='ltr'><strong>scirpi</strong></span> <span class='ocrx_word' id='word_1_117' title='bbox 438 2764 567 2845; x_wconf 68' lang='lat' dir='ltr'><strong>fragiba</strong></span> <span class='ocrx_word' id='word_1_118' title='bbox 581 2763 779 2844; x_wconf 78' lang='lat' dir='ltr'><strong>pahcstresque</strong></span> <span class='ocrx_word' id='word_1_119' title='bbox 788 2807 879 2825; x_wconf 88' lang='grc'><strong>......</strong></span> <span class='ocrx_word' id='word_1_120' title='bbox 887 2787 903 2825; x_wconf 87' lang='lat' dir='ltr'><strong>e</strong></span> <span class='ocrx_word' id='word_1_121' title='bbox 926 2768 1024 2847; x_wconf 87' lang='lat' dir='ltr'><strong>quibus</strong></span> <span class='ocrx_word' id='word_1_122' title='bbox 1046 2769 1174 2826; x_wconf 80' lang='lat' dir='ltr'><strong>detractu</strong></span> <span class='ocrx_word' id='word_1_123' title='bbox 1191 2768 1296 2826; x_wconf 76' lang='lat' dir='ltr'><strong>cortice</strong></span> 
     </span>
     <span class='ocr_line' id='line_1_21' title="bbox 222 2844 1308 2921; baseline 0 -17"><span class='ocrx_word' id='word_1_124' title='bbox 222 2845 349 2904; x_wconf 77' lang='lat' dir='ltr'><strong>candela</strong></span> <span class='ocrx_word' id='word_1_125' title='bbox 367 2844 517 2904; x_wconf 73' lang='lat' dir='ltr'><em>luminibus</em></span> <span class='ocrx_word' id='word_1_126' title='bbox 536 2853 564 2902; x_wconf 84' lang='lat' dir='ltr'><strong>et</strong></span> <span class='ocrx_word' id='word_1_127' title='bbox 579 2844 734 2921; x_wconf 76' lang='lat' dir='ltr'><em>funeribus</em></span> <span class='ocrx_word' id='word_1_128' title='bbox 756 2848 885 2906; x_wconf 79' lang='lat' dir='ltr'><strong>seruiunt.</strong></span> <span class='ocrx_word' id='word_1_129' title='bbox 927 2849 1040 2907; x_wconf 88' lang='lat' dir='ltr'><strong>Cortex</strong></span> <span class='ocrx_word' id='word_1_130' title='bbox 1058 2845 1118 2915; x_wconf 88' lang='lat' dir='ltr'><strong>ille,</strong></span> <span class='ocrx_word' id='word_1_131' title='bbox 1138 2866 1197 2905; x_wconf 90' lang='lat' dir='ltr'><strong>non</strong></span> <span class='ocrx_word' id='word_1_132' title='bbox 1212 2846 1308 2918; x_wconf 84' lang='lat' dir='ltr'><strong>uliud¹</strong></span> 
     </span>
     <span class='ocr_line' id='line_1_22' title="bbox 221 2924 1296 3004; baseline 0.002 -23"><span class='ocrx_word' id='word_1_133' title='bbox 221 2944 309 3004; x_wconf 86' lang='lat' dir='ltr'><strong>quarn</strong></span> <span class='ocrx_word' id='word_1_134' title='bbox 318 2924 633 3002; x_wconf 87' lang='lat' dir='ltr'><strong>similitudoAEgyptiae</strong></span> <span class='ocrx_word' id='word_1_135' title='bbox 642 2924 756 3002; x_wconf 88' lang='lat' dir='ltr'><strong>papyri,</strong></span> <span class='ocrx_word' id='word_1_136' title='bbox 765 2943 853 3002; x_wconf 85' lang='lat' dir='ltr'><strong>quem</strong></span> <span class='ocrx_word' id='word_1_137' title='bbox 862 2927 1021 2985; x_wconf 86' lang='lat' dir='ltr'><strong>utebantur</strong></span> <span class='ocrx_word' id='word_1_138' title='bbox 1029 2927 1154 2983; x_wconf 81' lang='lat' dir='ltr'><strong>fortasse</strong></span> <span class='ocrx_word' id='word_1_139' title='bbox 1162 2925 1296 2983; x_wconf 88' lang='lat' dir='ltr'><strong>homines</strong></span> 
     </span>
     <span class='ocr_line' id='line_1_23' title="bbox 221 3002 1295 3082; baseline 0.001 -21"><span class='ocrx_word' id='word_1_140' title='bbox 221 3003 378 3063; x_wconf 79' lang='lat' dir='ltr'><strong>tenuiores</strong></span> <span class='ocrx_word' id='word_1_141' title='bbox 428 3003 528 3061; x_wconf 86' lang='lat' dir='ltr'><strong>Faces</strong></span> <span class='ocrx_word' id='word_1_142' title='bbox 543 3015 643 3061; x_wconf 88' lang='lat' dir='ltr'><strong>antem</strong></span> <span class='ocrx_word' id='word_1_143' title='bbox 671 3002 867 3082; x_wconf 85' lang='lat' dir='ltr'><strong>candelasque</strong></span> <span class='ocrx_word' id='word_1_144' title='bbox 892 3005 922 3062; x_wconf 91' lang='lat' dir='ltr'><strong>iu</strong></span> <span class='ocrx_word' id='word_1_145' title='bbox 946 3004 1097 3063; x_wconf 84' lang='lat' dir='ltr'><strong>funeribus</strong></span> <span class='ocrx_word' id='word_1_146' title='bbox 1118 3002 1295 3080; x_wconf 84' lang='lat' dir='ltr'><strong>plerumque</strong></span> 
     </span>
     <span class='ocr_line' id='line_1_24' title="bbox 220 3082 1294 3160; baseline -0.001 -19"><span class='ocrx_word' id='word_1_147' title='bbox 220 3083 388 3141; x_wconf 87' lang='lat' dir='ltr'><strong>adultorum</strong></span> <span class='ocrx_word' id='word_1_148' title='bbox 403 3083 550 3160; x_wconf 86' lang='lat' dir='ltr'><strong>reperias:</strong></span> <span class='ocrx_word' id='word_1_149' title='bbox 573 3082 603 3138; x_wconf 89' lang='lat' dir='ltr'><strong>in</strong></span> <span class='ocrx_word' id='word_1_150' title='bbox 622 3101 792 3160; x_wconf 88' lang='lat' dir='ltr'><strong>puerorum,</strong></span> <span class='ocrx_word' id='word_1_151' title='bbox 813 3083 907 3142; x_wconf 87' lang='lat' dir='ltr'><strong>idest</strong></span> <span class='ocrx_word' id='word_1_152' title='bbox 928 3083 1042 3143; x_wconf 81' lang='lat' dir='ltr'><strong>acerbis</strong></span> <span class='ocrx_word' id='word_1_153' title='bbox 1062 3082 1294 3160; x_wconf 86' lang='lat' dir='ltr'><strong>immaturisque,</strong></span> 
     </span>
     <span class='ocr_line' id='line_1_25' title="bbox 220 3161 1308 3240; baseline 0.003 -22"><span class='ocrx_word' id='word_1_154' title='bbox 220 3179 322 3218; x_wconf 89' lang='lat' dir='ltr'><strong>cereos</strong></span> <span class='ocrx_word' id='word_1_155' title='bbox 337 3163 409 3221; x_wconf 84' lang='lat' dir='ltr'><strong>fere.</strong></span> <span class='ocrx_word' id='word_1_156' title='bbox 452 3166 493 3223; x_wconf 85' lang='lat' dir='ltr'><strong>Ut</strong></span> <span class='ocrx_word' id='word_1_157' title='bbox 507 3173 657 3240; x_wconf 80' lang='lat' dir='ltr'><strong>appareat,</strong></span> <span class='ocrx_word' id='word_1_158' title='bbox 670 3163 753 3238; x_wconf 87' lang='lat' dir='ltr'><strong>quod</strong></span> <span class='ocrx_word' id='word_1_159' title='bbox 769 3162 917 3240; x_wconf 84' lang='lat' dir='ltr'><strong>interpres</strong></span> <span class='ocrx_word' id='word_1_160' title='bbox 931 3175 1014 3222; x_wconf 88' lang='lat' dir='ltr'><strong>vetus</strong></span> <span class='ocrx_word' id='word_1_161' title='bbox 1029 3161 1121 3220; x_wconf 89' lang='lat' dir='ltr'><strong>Persii</strong></span> <span class='ocrx_word' id='word_1_162' title='bbox 1135 3162 1173 3219; x_wconf 84' lang='lat' dir='ltr'><strong>ad</strong></span> <span class='ocrx_word' id='word_1_163' title='bbox 1188 3162 1249 3220; x_wconf 88' lang='lat' dir='ltr'><strong>Sat.</strong></span> <span class='ocrx_word' id='word_1_164' title='bbox 1262 3166 1308 3230; x_wconf 67' lang='lat'><strong>3.</strong></span> 
     </span>
     <span class='ocr_line' id='line_1_26' title="bbox 222 3239 1307 3320; baseline -0.001 -23"><span class='ocrx_word' id='word_1_165' title='bbox 222 3243 287 3299; x_wconf 81' lang='lat'><strong>103.</strong></span> <span class='ocrx_word' id='word_1_166' title='bbox 308 3241 432 3311; x_wconf 88' lang='lat' dir='ltr'><strong>monuit,</strong></span> <span class='ocrx_word' id='word_1_167' title='bbox 454 3259 561 3320; x_wconf 88' lang='lat' dir='ltr'><strong>pueros</strong></span> <span class='ocrx_word' id='word_1_168' title='bbox 576 3239 613 3298; x_wconf 86' lang='lat' dir='ltr'><strong>ad</strong></span> <span class='ocrx_word' id='word_1_169' title='bbox 629 3258 731 3298; x_wconf 85' lang='lat' dir='ltr'><strong>cereos</strong></span> <span class='ocrx_word' id='word_1_170' title='bbox 744 3241 846 3299; x_wconf 83' lang='lat' dir='ltr'><strong>solitos</strong></span> <span class='ocrx_word' id='word_1_171' title='bbox 860 3241 966 3312; x_wconf 85' lang='lat' dir='ltr'><strong>efferri,</strong></span> <span class='ocrx_word' id='word_1_172' title='bbox 987 3242 1102 3300; x_wconf 85' lang='lat' dir='ltr'><strong>fecibus</strong></span> <span class='ocrx_word' id='word_1_173' title='bbox 1122 3251 1220 3299; x_wconf 85' lang='lat' dir='ltr'><strong>tamen</strong></span> <span class='ocrx_word' id='word_1_174' title='bbox 1240 3242 1307 3296; x_wconf 72' lang='lat' dir='ltr'><strong>im-‘</strong></span> 
     </span>
     <span class='ocr_line' id='line_1_27' title="bbox 220 3317 1295 3399; baseline 0.005 -25"><span class='ocrx_word' id='word_1_175' title='bbox 220 3318 328 3376; x_wconf 87' lang='lat' dir='ltr'><strong>mixtis.</strong></span> <span class='ocrx_word' id='word_1_176' title='bbox 364 3319 488 3380; x_wconf 72' lang='lat' dir='ltr'><strong>Senecae</strong></span> <span class='ocrx_word' id='word_1_177' title='bbox 506 3319 619 3394; x_wconf 84' lang='lat' dir='ltr'><strong>aliquot</strong></span> <span class='ocrx_word' id='word_1_178' title='bbox 637 3317 703 3376; x_wconf 86' lang='lat' dir='ltr'><strong>loca</strong></span> <span class='ocrx_word' id='word_1_179' title='bbox 723 3331 802 3391; x_wconf 88' lang='lat' dir='ltr'><strong>sunt,</strong></span> <span class='ocrx_word' id='word_1_180' title='bbox 822 3340 887 3397; x_wconf 85' lang='lat' dir='ltr'><strong>quae</strong></span> <span class='ocrx_word' id='word_1_181' title='bbox 906 3321 936 3378; x_wconf 93' lang='lat' dir='ltr'><strong>id</strong></span> <span class='ocrx_word' id='word_1_182' title='bbox 949 3321 1140 3399; x_wconf 89' lang='lat' dir='ltr'><strong>pervincunt:</strong></span> <span class='ocrx_word' id='word_1_183' title='bbox 1163 3330 1196 3377; x_wconf 91' lang='lat' dir='ltr'><strong>ut</strong></span> <span class='ocrx_word' id='word_1_184' title='bbox 1209 3319 1295 3398; x_wconf 85' lang='lat' dir='ltr'><strong>epist.</strong></span> 
     </span>
     <span class='ocr_line' id='line_1_28' title="bbox 223 3397 1295 3477; baseline 0 -22"><span class='ocrx_word' id='word_1_185' title='bbox 223 3401 278 3456; x_wconf 81' lang='lat'><strong>122</strong></span> <span class='ocrx_word' id='word_1_186' title='bbox 295 3397 395 3474; x_wconf 78' lang='lat'><strong>(123).</strong></span> <span class='ocrx_word' id='word_1_187' title='bbox 419 3435 423 3444; x_wconf 50' lang='grc' dir='ltr'><em>ι</em></span> <span class='ocrx_word' id='word_1_188' title='bbox 436 3399 491 3456; x_wconf 88' lang='lat' dir='ltr'><strong>Isti</strong></span> <span class='ocrx_word' id='word_1_189' title='bbox 505 3397 573 3454; x_wconf 83' lang='lat' dir='ltr'><strong>miii</strong></span> <span class='ocrx_word' id='word_1_190' title='bbox 585 3418 649 3455; x_wconf 87' lang='lat' dir='ltr'><strong>uero</strong></span> <span class='ocrx_word' id='word_1_191' title='bbox 663 3399 860 3476; x_wconf 60' lang='lat' dir='ltr'><strong>defunctarum</strong></span> <span class='ocrx_word' id='word_1_192' title='bbox 874 3401 932 3459; x_wconf 87' lang='lat' dir='ltr'><strong>Iaca</strong></span> <span class='ocrx_word' id='word_1_193' title='bbox 950 3409 1021 3468; x_wconf 83' lang='lat' dir='ltr'><strong>suat,</strong></span> <span class='ocrx_word' id='word_1_194' title='bbox 1043 3397 1206 3477; x_wconf 83' lang='lat' dir='ltr'><strong>quantulum</strong></span> <span class='ocrx_word' id='word_1_195' title='bbox 1221 3397 1295 3456; x_wconf 88' lang='lat' dir='ltr'><strong>euim</strong></span> 
     </span>
     <span class='ocr_line' id='line_1_29' title="bbox 137 3477 1294 3558; baseline 0 -24"><span class='ocrx_word' id='word_1_196' title='bbox 137 3507 146 3526; x_wconf 59' lang='grc' dir='ltr'><em>κ</em></span> <span class='ocrx_word' id='word_1_197' title='bbox 220 3497 238 3534; x_wconf 90' lang='lat' dir='ltr'><strong>a</strong></span> <span class='ocrx_word' id='word_1_198' title='bbox 247 3478 358 3555; x_wconf 84' lang='lat' dir='ltr'><strong>funere</strong></span> <span class='ocrx_word' id='word_1_199' title='bbox 378 3478 487 3546; x_wconf 79' lang='lat' dir='ltr'><strong>absunt,</strong></span> <span class='ocrx_word' id='word_1_200' title='bbox 510 3484 537 3534; x_wconf 82' lang='lat' dir='ltr'><strong>et</strong></span> <span class='ocrx_word' id='word_1_201' title='bbox 558 3477 669 3554; x_wconf 85' lang='lat' dir='ltr'><strong>quidem</strong></span> <span class='ocrx_word' id='word_1_202' title='bbox 687 3477 796 3548; x_wconf 82' lang='lat' dir='ltr'><strong>acerbo,</strong></span> <span class='ocrx_word' id='word_1_203' title='bbox 817 3480 867 3557; x_wconf 86' lang='lat' dir='ltr'><strong>qui</strong></span> <span class='ocrx_word' id='word_1_204' title='bbox 883 3479 1015 3558; x_wconf 78' lang='lat' dir='ltr'><strong>adfores</strong></span> <span class='ocrx_word' id='word_1_205' title='bbox 1028 3489 1055 3538; x_wconf 84' lang='lat' dir='ltr'><strong>et</strong></span> <span class='ocrx_word' id='word_1_206' title='bbox 1069 3499 1163 3538; x_wconf 88' lang='lat' dir='ltr'><strong>cereos</strong></span> <span class='ocrx_word' id='word_1_207' title='bbox 1176 3477 1294 3536; x_wconf 76' lang='lat' dir='ltr'><strong>uiuunt?</strong></span> 
     </span>
     <span class='ocr_line' id='line_1_30' title="bbox 219 3555 1295 3632; baseline 0.001 -20"><span class='ocrx_word' id='word_1_208' title='bbox 219 3555 268 3613; x_wconf 93' lang='lat' dir='ltr'><strong>De</strong></span> <span class='ocrx_word' id='word_1_209' title='bbox 284 3556 431 3632; x_wconf 87' lang='lat' dir='ltr'><strong>tranquiH.</strong></span> <span class='ocrx_word' id='word_1_210' title='bbox 445 3556 513 3614; x_wconf 83' lang='lat' dir='ltr'><strong>vitae</strong></span> <span class='ocrx_word' id='word_1_211' title='bbox 530 3559 575 3616; x_wconf 92' lang='grc' dir='ltr'><strong>ΙΙ.</strong></span> <span class='ocrx_word' id='word_1_212' title='bbox 620 3555 736 3614; x_wconf 80' lang='lat' dir='ltr'><strong>Totiens</strong></span> <span class='ocrx_word' id='word_1_213' title='bbox 756 3557 785 3615; x_wconf 89' lang='lat' dir='ltr'><strong>ia</strong></span> <span class='ocrx_word' id='word_1_214' title='bbox 809 3558 912 3617; x_wconf 83' lang='lat' dir='ltr'><strong>vicinia</strong></span> <span class='ocrx_word' id='word_1_215' title='bbox 934 3579 995 3617; x_wconf 86' lang='lat' dir='ltr'><strong>mea</strong></span> <span class='ocrx_word' id='word_1_216' title='bbox 1019 3560 1221 3625; x_wconf 84' lang='lat' dir='ltr'><strong>conclamatum</strong></span> <span class='ocrx_word' id='word_1_217' title='bbox 1241 3564 1295 3625; x_wconf 76' lang='lat' dir='ltr'><strong>esi,</strong></span> 
     </span>
     <span class='ocr_line' id='line_1_31' title="bbox 220 3634 1297 3716; baseline -0.002 -22"><span class='ocrx_word' id='word_1_218' title='bbox 220 3635 320 3694; x_wconf 81' lang='lat' dir='ltr'><strong>totiens</strong></span> <span class='ocrx_word' id='word_1_219' title='bbox 335 3634 545 3715; x_wconf 70' lang='lat' dir='ltr'><strong>praeteriissen</strong></span> <span class='ocrx_word' id='word_1_220' title='bbox 563 3635 727 3694; x_wconf 83' lang='lat' dir='ltr'><strong>immaturas</strong></span> <span class='ocrx_word' id='word_1_221' title='bbox 745 3637 888 3716; x_wconf 80' lang='lat' dir='ltr'><strong>exsequias</strong></span> <span class='ocrx_word' id='word_1_222' title='bbox 901 3640 964 3716; x_wconf 82' lang='lat' dir='ltr'><strong>faa</strong></span> <span class='ocrx_word' id='word_1_223' title='bbox 977 3655 1124 3713; x_wconf 80' lang='lat' dir='ltr'><strong>cereusque</strong></span> <span class='ocrx_word' id='word_1_224' title='bbox 1136 3634 1297 3716; x_wconf 71' lang='lat' dir='ltr'><strong>precessit.</strong></span> 
     </span>
     <span class='ocr_line' id='line_1_32' title="bbox 219 3713 1296 3794; baseline 0.005 -23"><span class='ocrx_word' id='word_1_225' title='bbox 219 3713 268 3772; x_wconf 92' lang='lat' dir='ltr'><strong>De</strong></span> <span class='ocrx_word' id='word_1_226' title='bbox 282 3715 363 3772; x_wconf 89' lang='lat' dir='ltr'><strong>brev.</strong></span> <span class='ocrx_word' id='word_1_227' title='bbox 381 3715 450 3774; x_wconf 83' lang='lat' dir='ltr'><strong>vitae</strong></span> <span class='ocrx_word' id='word_1_228' title='bbox 469 3732 534 3792; x_wconf 85' lang='lat' dir='ltr'><strong>cap.</strong></span> <span class='ocrx_word' id='word_1_229' title='bbox 554 3714 606 3772; x_wconf 85' lang='lat' dir='ltr'><strong>ult.</strong></span> <span class='ocrx_word' id='word_1_230' title='bbox 650 3715 772 3791; x_wconf 83' lang='lat' dir='ltr'><strong>Quidam</strong></span> <span class='ocrx_word' id='word_1_231' title='bbox 793 3737 856 3774; x_wconf 85' lang='lat' dir='ltr'><strong>uero</strong></span> <span class='ocrx_word' id='word_1_232' title='bbox 875 3717 1028 3794; x_wconf 84' lang='lat' dir='ltr'><strong>disponunt</strong></span> <span class='ocrx_word' id='word_1_233' title='bbox 1044 3717 1127 3774; x_wconf 86' lang='lat' dir='ltr'><strong>etiam</strong></span> <span class='ocrx_word' id='word_1_234' title='bbox 1146 3716 1207 3784; x_wconf 86' lang='lat' dir='ltr'><strong>illa,</strong></span> <span class='ocrx_word' id='word_1_235' title='bbox 1231 3735 1296 3794; x_wconf 78' lang='lat' dir='ltr'><strong>quer</strong></span> 
     </span>
     <span class='ocr_line' id='line_1_33' title="bbox 217 3789 1298 3875; baseline 0.002 -25"><span class='ocrx_word' id='word_1_236' title='bbox 217 3789 293 3850; x_wconf 83' lang='lat' dir='ltr'><strong>ultra</strong></span> <span class='ocrx_word' id='word_1_237' title='bbox 317 3793 403 3852; x_wconf 84' lang='lat' dir='ltr'><strong>uitam</strong></span> <span class='ocrx_word' id='word_1_238' title='bbox 416 3802 491 3862; x_wconf 84' lang='lat' dir='ltr'><strong>suut,</strong></span> <span class='ocrx_word' id='word_1_239' title='bbox 509 3792 592 3852; x_wconf 86' lang='lat' dir='ltr'><strong>moles</strong></span> <span class='ocrx_word' id='word_1_240' title='bbox 610 3813 730 3870; x_wconf 77' lang='lat' dir='ltr'><strong>magnas</strong></span> <span class='ocrx_word' id='word_1_241' title='bbox 745 3793 933 3871; x_wconf 82' lang='lat' dir='ltr'><strong>sepulcrorum</strong></span> <span class='ocrx_word' id='word_1_242' title='bbox 949 3805 977 3853; x_wconf 80' lang='lat' dir='ltr'><strong>et</strong></span> <span class='ocrx_word' id='word_1_243' title='bbox 991 3817 1107 3875; x_wconf 86' lang='lat' dir='ltr'><strong>operum</strong></span> <span class='ocrx_word' id='word_1_244' title='bbox 1120 3793 1298 3873; x_wconf 81' lang='lat' dir='ltr'><strong>publicarum</strong></span> 
     </span>
     <span class='ocr_line' id='line_1_34' title="bbox 218 3870 1297 3952; baseline 0.006 -26"><span class='ocrx_word' id='word_1_245' title='bbox 218 3870 402 3934; x_wconf 81' lang='lat' dir='ltr'><strong>dedicationes</strong></span> <span class='ocrx_word' id='word_1_246' title='bbox 416 3885 443 3932; x_wconf 86' lang='lat' dir='ltr'><strong>et</strong></span> <span class='ocrx_word' id='word_1_247' title='bbox 457 3873 496 3931; x_wconf 91' lang='lat' dir='ltr'><strong>ad</strong></span> <span class='ocrx_word' id='word_1_248' title='bbox 513 3892 610 3951; x_wconf 83' lang='lat' dir='ltr'><strong>rogum</strong></span> <span class='ocrx_word' id='word_1_249' title='bbox 630 3893 744 3930; x_wconf 86' lang='lat' dir='ltr'><strong>munera</strong></span> <span class='ocrx_word' id='word_1_250' title='bbox 764 3886 793 3931; x_wconf 83' lang='lat' dir='ltr'><strong>et</strong></span> <span class='ocrx_word' id='word_1_251' title='bbox 811 3873 969 3932; x_wconf 85' lang='lat' dir='ltr'><strong>ambitiosas</strong></span> <span class='ocrx_word' id='word_1_252' title='bbox 986 3875 1139 3952; x_wconf 86' lang='lat' dir='ltr'><strong>exsequias.</strong></span> <span class='ocrx_word' id='word_1_253' title='bbox 1178 3878 1222 3932; x_wconf 83' lang='lat' dir='ltr'><strong>As</strong></span> <span class='ocrx_word' id='word_1_254' title='bbox 1238 3893 1297 3932; x_wconf 88' lang='lat' dir='ltr'><strong>me-</strong></span> 
     </span>
     <span class='ocr_line' id='line_1_35' title="bbox 218 3950 1297 4031; baseline 0.004 -23"><span class='ocrx_word' id='word_1_255' title='bbox 218 3950 330 4008; x_wconf 75' lang='lat' dir='ltr'><strong>hercule</strong></span> <span class='ocrx_word' id='word_1_256' title='bbox 355 3953 471 4012; x_wconf 83' lang='lat' dir='ltr'><strong>istarum</strong></span> <span class='ocrx_word' id='word_1_257' title='bbox 490 3953 610 4028; x_wconf 84' lang='lat' dir='ltr'><strong>funera,</strong></span> <span class='ocrx_word' id='word_1_258' title='bbox 647 3963 782 4029; x_wconf 80' lang='lat' dir='ltr'><strong>tauquam</strong></span> <span class='ocrx_word' id='word_1_259' title='bbox 808 3953 925 4011; x_wconf 81' lang='lat' dir='ltr'><strong>nimium</strong></span> <span class='ocrx_word' id='word_1_260' title='bbox 948 3952 1081 4022; x_wconf 75' lang='lat' dir='ltr'><strong>uiuerint,</strong></span> <span class='ocrx_word' id='word_1_261' title='bbox 1104 3954 1145 4011; x_wconf 93' lang='lat' dir='ltr'><strong>ad</strong></span> <span class='ocrx_word' id='word_1_262' title='bbox 1158 3954 1247 4031; x_wconf 86' lang='lat' dir='ltr'><strong>faces</strong></span> <span class='ocrx_word' id='word_1_263' title='bbox 1268 3962 1297 4012; x_wconf 80' lang='lat' dir='ltr'><strong>et</strong></span> 
     </span>
     <span class='ocr_line' id='line_1_36' title="bbox 159 4030 1297 4110; baseline 0.004 -24"><span class='ocrx_word' id='word_1_264' title='bbox 159 4036 163 4040; x_wconf 85' lang='lat'>&#39;</span> <span class='ocrx_word' id='word_1_265' title='bbox 216 4049 308 4087; x_wconf 85' lang='lat' dir='ltr'><strong>cereas</strong></span> <span class='ocrx_word' id='word_1_266' title='bbox 329 4031 493 4090; x_wconf 88' lang='lat' dir='ltr'><strong>deducenda</strong></span> <span class='ocrx_word' id='word_1_267' title='bbox 513 4043 597 4088; x_wconf 82' lang='lat' dir='ltr'><strong>suat.-</strong></span> <span class='ocrx_word' id='word_1_268' title='bbox 628 4030 675 4086; x_wconf 93' lang='lat' dir='ltr'><strong>ubi</strong></span> <span class='ocrx_word' id='word_1_269' title='bbox 695 4031 784 4090; x_wconf 89' lang='lat' dir='ltr'><strong>scribi</strong></span> <span class='ocrx_word' id='word_1_270' title='bbox 802 4032 950 4091; x_wconf 83' lang='lat' dir='ltr'><strong>sententia</strong></span> <span class='ocrx_word' id='word_1_271' title='bbox 966 4033 1040 4103; x_wconf 81' lang='lat' dir='ltr'><strong>vult,</strong></span> <span class='ocrx_word' id='word_1_272' title='bbox 1059 4042 1196 4110; x_wconf 82' lang='lat' dir='ltr'><strong>tauquam</strong></span> <span class='ocrx_word' id='word_1_273' title='bbox 1214 4030 1297 4091; x_wconf 84' lang='lat' dir='ltr'><strong>mini·</strong></span> 
     </span>
     <span class='ocr_line' id='line_1_37' title="bbox 217 4109 1296 4186; baseline 0.004 -22"><span class='ocrx_word' id='word_1_274' title='bbox 217 4127 300 4164; x_wconf 72' lang='lat' dir='ltr'><strong>muas.</strong></span> <span class='ocrx_word' id='word_1_275' title='bbox 344 4109 475 4167; x_wconf 86' lang='lat' dir='ltr'><strong>Pertinet</strong></span> <span class='ocrx_word' id='word_1_276' title='bbox 493 4109 531 4166; x_wconf 88' lang='lat' dir='ltr'><strong>ad</strong></span> <span class='ocrx_word' id='word_1_277' title='bbox 545 4109 684 4166; x_wconf 86' lang='lat' dir='ltr'><strong>funebres</strong></span> <span class='ocrx_word' id='word_1_278' title='bbox 704 4109 785 4168; x_wconf 85' lang='lat' dir='ltr'><strong>faces</strong></span> <span class='ocrx_word' id='word_1_279' title='bbox 806 4111 895 4169; x_wconf 85' lang='lat' dir='ltr'><strong>etiarn</strong></span> <span class='ocrx_word' id='word_1_280' title='bbox 910 4111 1042 4171; x_wconf 84' lang='lat' dir='ltr'><strong>Suetonii</strong></span> <span class='ocrx_word' id='word_1_281' title='bbox 1056 4110 1140 4168; x_wconf 92' lang='lat' dir='ltr'><strong>locus</strong></span> <span class='ocrx_word' id='word_1_282' title='bbox 1154 4111 1232 4186; x_wconf 87' lang='lat' dir='ltr'><strong>Aug.</strong></span> <span class='ocrx_word' id='word_1_283' title='bbox 1248 4114 1296 4172; x_wconf 88' lang='lat'><strong>98.</strong></span> 
     </span>
     <span class='ocr_line' id='line_1_38' title="bbox 217 4187 1298 4276; baseline 0.006 -34"><span class='ocrx_word' id='word_1_284' title='bbox 217 4187 375 4276; x_wconf 68' lang='lat' dir='ltr'><strong>Masgabae</strong></span> <span class='ocrx_word' id='word_1_285' title='bbox 393 4188 525 4246; x_wconf 81' lang='lat' dir='ltr'><strong>tumulum</strong></span> <span class='ocrx_word' id='word_1_286' title='bbox 548 4207 611 4245; x_wconf 86' lang='lat' dir='ltr'><strong>eum</strong></span> <span class='ocrx_word' id='word_1_287' title='bbox 630 4208 668 4245; x_wconf 83' lang='lat' dir='ltr'><strong>ee</strong></span> <span class='ocrx_word' id='word_1_288' title='bbox 685 4187 809 4248; x_wconf 78' lang='lat' dir='ltr'><strong>triclinio</strong></span> <span class='ocrx_word' id='word_1_289' title='bbox 828 4192 1067 4250; x_wconf 71' lang='lat' dir='ltr'><strong>animaduertisset</strong></span> <span class='ocrx_word' id='word_1_290' title='bbox 1085 4208 1193 4268; x_wconf 84' lang='lat' dir='ltr'><strong>magua</strong></span> <span class='ocrx_word' id='word_1_291' title='bbox 1212 4188 1298 4249; x_wconf 83' lang='lat' dir='ltr'><strong>turba</strong></span> 
     </span>
     <span class='ocr_line' id='line_1_39' title="bbox 214 4263 1294 4348; baseline 0.006 -28"><span class='ocrx_word' id='word_1_292' title='bbox 214 4263 366 4344; x_wconf 72' lang='lat' dir='ltr'><strong>stultasque</strong></span> <span class='ocrx_word' id='word_1_293' title='bbox 377 4265 537 4344; x_wconf 73' lang='lat' dir='ltr'><strong>laudatius¹</strong></span> <span class='ocrx_word' id='word_1_294' title='bbox 538 4267 727 4346; x_wconf 78' lang='lat' dir='ltr'><strong>frequentari,</strong></span> <span class='ocrx_word' id='word_1_295' title='bbox 747 4279 806 4327; x_wconf 87' lang='lat' dir='ltr'><strong>etc.</strong></span> <span class='ocrx_word' id='word_1_296' title='bbox 828 4269 878 4347; x_wconf 91' lang='lat' dir='ltr'><strong>qui</strong></span> <span class='ocrx_word' id='word_1_297' title='bbox 894 4281 992 4328; x_wconf 85' lang='lat' dir='ltr'><strong>tamen</strong></span> <span class='ocrx_word' id='word_1_298' title='bbox 1006 4268 1044 4328; x_wconf 86' lang='lat' dir='ltr'><strong>sd</strong></span> <span class='ocrx_word' id='word_1_299' title='bbox 1058 4267 1294 4348; x_wconf 84' lang='lat' dir='ltr'><strong>parentationem</strong></span> 
     </span>
     <span class='ocr_line' id='line_1_40' title="bbox 214 4346 968 4426; baseline 0.011 -26"><span class='ocrx_word' id='word_1_300' title='bbox 214 4362 340 4422; x_wconf 85' lang='lat' dir='ltr'><strong>annuam</strong></span> <span class='ocrx_word' id='word_1_301' title='bbox 356 4358 480 4426; x_wconf 79' lang='lat' dir='ltr'><strong>spectat,</strong></span> <span class='ocrx_word' id='word_1_302' title='bbox 496 4365 553 4402; x_wconf 87' lang='lat' dir='ltr'><strong>non</strong></span> <span class='ocrx_word' id='word_1_303' title='bbox 569 4347 606 4403; x_wconf 84' lang='lat' dir='ltr'><strong>ud</strong></span> <span class='ocrx_word' id='word_1_304' title='bbox 621 4346 729 4404; x_wconf 76' lang='lat' dir='ltr'><strong>funeris</strong></span> <span class='ocrx_word' id='word_1_305' title='bbox 746 4347 968 4408; x_wconf 79' lang='lat' dir='ltr'><strong>deductionem.</strong></span> 
     </span>
    </p>
   </div>
   <div class='ocr_carea' id='block_1_10' title="bbox 0 0 1522 4967">
    <p class='ocr_par' dir='ltr' id='par_1_10' title="bbox 0 0 1522 4967">
     <span class='ocr_line' id='line_1_41' title="bbox 0 0 1522 4967; baseline 0 3"><span class='ocrx_word' id='word_1_306' title='bbox 0 0 1522 4967; x_wconf 95' lang='lat' dir='ltr'><strong> </strong></span> 
     </span>
    </p>
   </div>
  </div>
 </body>
</html>
