3034 4967
956 16 965 52 l

219 219 275 274 ll0
551 217 579 276 J.
600 215 718 278 LlPSll
743 217 960 280 EXCURSUS

215 376 324 456 Itaque
342 376 478 441 damulus
501 377 572 436 XVI
594 380 688 456 primo
712 380 834 453 assibus,
858 385 913 458 (et,
928 403 981 462 pro
995 382 1119 452 ratione,
1138 388 1289 450 sestertius
1382 449 1385 458 ,

216 455 287 519 item
307 455 420 517 assibus
440 469 576 534 quatuor,
598 460 677 536 quod
693 478 732 518 ex
746 463 892 522 Maeciano
906 474 936 522 et
951 462 1085 523 Vitruvio
1100 469 1132 533 3,
1148 470 1176 526 1.
1190 466 1290 539 disco)

214 533 334 596 tandem
358 535 495 596 aestimari
515 535 575 606 Xll
596 539 696 615 erepit,
714 539 855 619 incoque
871 541 955 605 stetit
976 541 1105 619 Augusti
1120 553 1151 602 et
1163 563 1288 622 sequen·

214 613 288 674 tium
301 614 413 692 aliquot
426 614 594 694 Principum
608 637 680 676 sevo.
721 619 789 684 Quo
803 620 1002 698 argumento?
1023 619 1111 680 Claro
1123 622 1254 698 quidem,
1269 645 1287 682 e

214 692 281 752 loco
301 693 445 762 Suetonii,
468 704 500 752 ut
522 713 576 752 nos
595 713 662 754 eum
687 697 915 767 emendavimus,
938 699 1097 761 orchestrae
1117 719 1175 759 uon
1195 701 1287 760 dubio

214 790 368 842 consensu,
387 771 417 830 in
432 771 544 831 Domit.
558 793 585 834 c.
599 775 629 836 7.
649 793 686 832 ex
701 794 761 853 quo
774 777 897 847 clarum,
910 795 1031 839 aureum
1047 777 1173 837 Romani
1186 780 1285 839 militis

212 849 389 928 stipendium
406 851 496 912 fuisse
511 849 540 908 in
555 871 689 912 menses:
713 863 744 915 at
756 854 781 912 si
795 875 911 925 aureus,
935 875 968 914 er
990 876 1008 915 o
1027 875 1085 914 non
1109 857 1175 934 plus
1197 857 1285 916 XXV

213 929 347 988 denariis.
388 929 448 990 Abi
461 949 540 990 nunc
554 931 592 990 ad
605 932 805 1004 mensularios,
817 947 848 993 et
858 935 951 993 reduc
962 877 1054 994 denos
1067 935 1097 991 in
1112 935 1189 993 diem
1204 955 1282 998 asses

215 1007 270 1082 (ita
283 1019 317 1067 ut
330 1009 436 1068 mensis
454 1009 521 1072 dies
533 1009 642 1072 habeat
659 1011 793 1088 triginta)
819 1013 1012 1074 ad‘denarios
1031 1012 1128 1083 XXV,
1151 1017 1282 1092 reperies

211 1084 362 1156 denarium
376 1087 472 1168 ipsum
485 1088 651 1166 planissime
665 1089 789 1150 valuisse
806 1091 960 1152 duodecim
980 1110 1068 1150 asses.
1109 1093 1189 1157 Quid
1209 1113 1281 1172 ergo

209 1165 332 1238 miraris,
350 1167 374 1224 si
389 1167 494 1234 milites
505 1186 561 1257 pro
575 1167 657 1226 denis
672 1168 783 1229 assibus
797 1169 949 1231 denarium
962 1181 1081 1248 petant3
1103 1182 1136 1230 ut
1151 1171 1280 1251 quinque

209 1243 325 1305 scilicet
346 1244 480 1313 denarios
502 1265 533 1304 m
554 1265 684 1309 mensem
705 1247 815 1310 faciant
832 1249 931 1310 lucri?
971 1250 1014 1311 At
1031 1248 1139 1308 acriter
1154 1249 1185 1307 in
1203 1250 1280 1311 hanc

209 1323 384 1385 seutentiam
408 1337 520 1403 pugnat
543 1325 655 1390 Plinius
677 1331 727 1397 33,
749 1333 778 1388 3.
801 1328 851 1407 qui
872 1329 923 1397 ait,
946 1326 975 1387 iu
997 1327 1113 1388 militari
1133 1328 1280 1408 stipendio

209 1420 325 1481 semper
343 1403 495 1467 denarium
513 1423 565 1481 pro
586 1404 690 1466 decem
711 1406 823 1468 assibus
843 1408 954 1466 datum.
993 1406 1120 1484 Pugnet,
1139 1426 1196 1484 ego
1211 1426 1280 1466 eum

210 1492 270 1542 tam
284 1493 348 1540 tran
371 1483 473 1541 uillum
486 1483 618 1553 reddam,
639 1503 726 1562 quam
746 1485 850 1546 alcedo
864 1486 933 1546 olim
947 1505 1036 1544 mare.
1077 1489 1155 1546 Nam
1170 1486 1278 1545 Plinius

209 1559 328 1636 quidem
342 1503 429 1640 pilam
443 1581 460 1622 a
473 1581 521 1620 me
535 1574 588 1620 est.
611 1607 612 1610 ,
629 1562 684 1632 Ea,
699 1563 805 1641 inquit,
818 1565 956 1623 severitas
970 1560 1133 1641 disciplinas
1145 1565 1277 1622 militaris

207 1637 275 1706 fuit,
289 1650 332 1711 ut,
347 1659 522 1719 quamquam
537 1640 649 1703 denarii
661 1641 756 1720 pretio
770 1643 875 1720 saepius
884 1653 984 1713 aucto,
995 1641 1077 1700 miles
1093 1652 1190 1700 tamen
1204 1643 1277 1700 nihil

207 1717 277 1774 inde
294 1720 439 1778 commodi
460 1719 600 1788 senserim
620 1721 673 1780 sed
691 1720 814 1798 proinde
834 1721 876 1780 illi
894 1721 923 1779 in
941 1719 1120 1798 stipendium
1140 1720 1276 1779 denarius

207 1797 394 1876 processerit,
410 1797 492 1877 quasi
506 1798 530 1856 si
545 1809 622 1858 esset
636 1811 749 1861 tanturn
760 1800 867 1858 assium
877 1800 995 1868 denum.
1025 1797 1070 1858 Ea
1081 1798 1166 1858 Plinii
1177 1817 1277 1869 meus;

208 1886 259 1942 aut
267 1873 292 1934 si
303 1875 369 1946 alia,
383 1877 420 1936 de
429 1879 527 1956 prisca
540 1877 708 1956 Republica
721 1878 822 1948 sensit,
835 1899 895 1938 non
908 1878 947 1945 de
959 1878 1015 1938 bac
1025 1879 1198 1954 Augustaea.
1230 1878 1277 1936 Si·

206 1954 276 2014 mile
296 1974 414 2032 prorsus
428 1969 497 2018 ante
511 1975 602 2016 annos
622 1977 732 2035 paucos
747 1958 873 2018 vidimus
886 1959 916 2018 in
923 1958 1014 2026 urbe,
1036 1955 1150 2015 urbium
1168 1956 1276 2014 ocello.
1361 1975 1364 1978 ’

207 2032 334 2110 Hispani
347 2034 454 2105 militis,
469 2037 499 2096 in
510 2036 655 2113 petulanti
667 2036 717 2094 illa
731 2037 886 2104 seditione,
899 2036 1081 2114 praecipuum
1095 2033 1279 2112 postulatum

205 2112 272 2182 tuit,
287 2123 320 2170 ut
333 2132 438 2173 aureos
457 2114 487 2172 in
505 2113 634 2172 solutum
652 2114 803 2188 acciperet
818 2114 915 2190 piiscs
927 2112 1131 2181 estimatione,
1146 2132 1205 2170 non
1219 2113 1275 2172 hac

206 2192 320 2270 mandi,
344 2212 413 2269 quse
431 2192 602 2250 obtinebat:
628 2209 684 2249 nec
701 2191 884 2268 impetravit;
909 2191 1040 2266 fecitque
1059 2190 1133 2248 lucri
1154 2190 1184 2246 in
1210 2192 1277 2257 auri

205 2269 302 2349 pierio
315 2269 413 2340 meus,
434 2271 514 2346 quod
535 2267 603 2326 olim
619 2268 647 2326 in
662 2268 776 2346 argenti
792 2268 971 2347 Respublica
986 2268 1127 2326 Romana.
1168 2268 1273 2338 Porro,

206 2348 286 2428 quod
299 2347 470 2406 admodum
484 2347 562 2406 hunc
576 2347 714 2425 stipendii
731 2347 846 2417 attinet,
867 2348 942 2407 scire
960 2347 1030 2406 licet
1048 2347 1184 2405 eumdem
1202 2368 1274 2425 pro-

204 2427 363 2520 pemodum
383 2420 474 2488 fuisse
494 2427 625 2488 Graecis:
646 2427 787 2487 Daricum
807 2427 884 2486 enim
904 2427 933 2484 in
951 2444 1066 2486 menses
1080 2419 1273 2503 accipiebant,

204 2507 236 2568 sd
251 2518 295 2568 est
309 2506 367 2566 XX
381 2506 552 2572 drachmas:
574 2506 605 2567 in
620 2504 809 2582 expeditione
824 2504 905 2581 Cyri,
926 2504 1157 2583 sesquidaricum
1172 2516 1274 2563 extor-

204 2597 316 2653 serunt,
338 2578 453 2644 tantuni
473 2606 532 2644 rron
554 2600 606 2664 per
624 2583 807 2644 seditionem.
846 2585 1012 2664 Xenophon
1032 2587 1107 2652 1,s,
1125 2589 1173 2645 21.
1205 2583 1273 2661 Περὶ

204 2663 370 2732 diudicetur
391 2666 487 2742 detu.
526 2663 559 2720 ‘0
581 2665 667 2744 Κῦρος
687 2661 869 2742 ὑπισχνεῖται,
882 2663 1004 2742 ἡμιόλιον
1022 2662 1093 2722 ,πᾶσι
1115 2662 1221 2730 δαίσειν,
1241 2658 1273 2723 αὖ

203 2742 325 2824 πρότερον
343 2741 446 2824 ἔφερον,
466 2741 525 2802 α’ντί
546 2751 591 2802 Au
623 2744 683 2802 ιιιιῦ
701 2740 764 2818 τρία
781 2739 947 2824 η’μιίαίρεικα
962 2741 1011 2801 roi
1029 2739 1111 2819 μηνὸς
1126 2741 1170 2822 τῷ
1186 2761 1270 2875 στρα-

203 2827 299 2902 τνιόση.
341 2821 381 2880 Et
394 2822 503 2879 'similis
524 2820 560 2878 de
616 2824 694 2880 arico
718 2834 868 2892 menstruo
888 2821 971 2880 locus
992 2823 1020 2892 7,
1046 2824 1073 2888 6,
1096 2824 1122 2877 1.
1162 2819 1215 2876 Me
1228 2819 1270 2876 ior

143 2925 145 2929 ⁷
204 2919 276 2977 ergo
291 2901 422 2960 conditio
437 2900 534 2958 militis
548 2901 684 2961 Romani.

716 3059 754 3116 G.

628 3215 719 3276 CAP.
740 3213 841 3272 XVII.

210 3438 213 3448 ,
244 3376 428 3436 Suasourus
444 3373 474 3431 id
488 3392 606 3450 quoque
620 3373 656 3432 ab
673 3373 811 3448 Augusto
822 3390 886 3430 esse
897 3367 1034 3438 ostendit,
1045 3369 1097 3426 sed
1109 3369 1270 3439 obscurius,

204 3475 231 3518 e.
243 3461 292 3516 49.
329 3454 471 3532 Quicquid
482 3451 581 3531 ubique
595 3451 712 3514 militum
723 3459 800 3516 esset,
814 3452 853 3507 ad
864 3462 969 3508 certam
980 3449 1180 3526 stipendiorum
1189 3471 1270 3528 prie-

203 3541 375 3612 miorumque
390 3529 554 3610 formulam
581 3531 744 3595 adstrinxit,
765 3529 888 3604 dejicitis
905 3548 959 3606 pro
977 3526 1073 3604 gradu
1092 3533 1224 3605 cujusque
1243 3535 1270 3585 et

203 3613 370 3696 temporibus
384 3610 495 3670 milities
508 3621 536 3670 et
546 3611 693 3690 commodis
707 3608 878 3676 missionum,
892 3628 937 3676 ue,
951 3615 1001 3663 aut
1011 3614 1093 3664 otuu
1103 3615 1152 3664 out
1166 3606 1269 3684 inopia,

198 3705 265 3772 post
273 3694 438 3760 missionem,
446 3690 584 3750 solicituri
594 3690 633 3748 od
645 3711 689 3748 res
702 3708 789 3748 nouus
797 3694 921 3766 possent.
951 3687 1028 3743 Nam
1039 3685 1193 3751 commoda
1203 3685 1269 3740 mis·

144 3843 145 3846 ¹
203 3775 327 3842 donum,
349 3773 426 3832 hanc
451 3770 607 3849 pecuniam
634 3769 758 3846 accepit.
800 3765 860 3824 Sed
882 3762 1042 3822 clarissime
1066 3763 1126 3820 Dio
1148 3767 1196 3831 55,
1221 3767 1270 3822 23.

203 3871 316 3915 summa
337 3850 425 3910 etiam
449 3849 558 3926 praemii
581 3867 738 3926 expressa:
762 3843 900 3911 Χαλεπῶς
918 3842 946 3900 δὲ
968 3839 998 3917 dr}
1019 3842 1073 3900 τῶν
1095 3841 1270 3918 στρατιωτῶν

203 3929 266 4008 τρίς
279 3929 328 4006 την
341 3931 396 3990 ταῖν
410 3926 509 3992 ἄθλων
525 3928 693 4006 σμικρότητα
706 3922 752 3984 διὰ
762 3923 823 3990 τούς
836 3921 970 3999 πολέμους
982 3919 1046 3988 ταιίς
1055 3919 1117 3980 τότε
1128 3919 1269 4008 ἐνεστηκί-
1321 3982 1324 3985 ,

203 4029 255 4076 τας
269 4013 334 4087 οὐχ’
346 4006 449 4086 ἥκιστα
462 4006 595 4087 ἐχόντων,
614 4005 662 4066 καί
674 4000 786 4082 μηδενὸς
804 3999 859 4077 ἔξω
872 4001 921 4059 ταῦ
932 3998 1105 4077 τεταγμένου
1119 4020 1167 4073 της
1183 4017 1270 4087 erpot-u

202 4086 278 4156 τείας
294 4085 370 4164 σρίσι
383 4084 483 4168 χρόνον
499 4081 573 4146 lusu
587 4088 683 4148 λαξεῖν
700 4082 855 4149 ἐθέλοντας,
874 4076 1028 4153 ἐψηφίσθη,
1045 4079 1098 4146 τοῖς
1113 4077 1164 4153 μὲν
1177 4075 1209 4134 ἐκ
1220 4094 1267 4134 ταν

204 4167 373 4246 δορυφορικοό
384 4161 618 4242 πεντακισχιλίας
639 4158 786 4241 δραχμὰς,
805 4158 912 4225 iusticie
931 4153 1077 4218 ἑκκαίδεκα
1096 4153 1154 4228 ἔτη,
1171 4156 1226 4222 τοῖς
1242 4153 1270 4211 δὲ

128 4290 131 4296 ·
203 4245 299 4327 ἑτέραις
320 4243 494 4326 τρισχιλίας,
515 4238 719 4302 incidissimum
735 4239 970 4318 στρατεύσωνται,
991 4233 1136 4292 uitiosum
1156 4252 1195 4289 ex
1211 4252 1271 4310 quo

202 4325 270 4384 loco
290 4343 415 4403 pronum
434 4321 504 4378 mihi
522 4320 621 4380 eluere
641 4329 787 4378 vetustam
810 4317 943 4383 Suetonii
967 4313 1111 4373 maculam
1137 4311 1200 4370 Cal.
1222 4315 1285 4370 44.-

204 4403 367 4464 Ceterorum
387 4401 522 4478 increpito
543 4399 707 4476 cupiditate,
728 4396 869 4455 commoda
887 4394 1009 4452 emeritis
1029 4390 1140 4450 milities
1153 4391 1192 4448 αιί
1202 4411 1269 4454 ses·

201 4492 340 4543 serstorum
355 4479 469 4540 millium
483 4498 611 4538 summam
624 4477 733 4538 'recidit
777 4477 848 4534 llaec
867 4474 985 4550 praemia
999 4473 1075 4530 enirn
1090 4469 1270 4528 hauddubie
