3034 4967
258 243 295 306 76
609 240 664 299 DE
688 239 954 307 ORATORIBUS

229 440 241 453 -
255 402 395 491 quinque
408 404 442 467 in
455 402 586 468 Verrem
600 403 695 469 libros
709 406 955 490 exspectaverit?
978 409 1056 487 Quis
1068 408 1109 473 de
1126 410 1304 497 exceptione

256 500 288 567 et
307 488 442 553 formula
462 488 651 573 perpetietur
671 488 724 553 illa
743 491 886 555 inmensu-
900 491 1068 572 volumina,
1083 518 1156 580 quae
1175 518 1234 581 pro
1256 499 1304 560 M.

258 573 376 650 Tullio,
391 587 446 636 aut
461 576 502 637 A.
519 572 643 637 Caecina
654 573 810 659 legimus?
847 578 1015 643 Praecurrit
1029 579 1088 643 hoc
1101 595 1239 666 tempore
1251 582 1304 665 ju-

256 658 319 723 dex
331 658 493 731 dicentem,
516 673 557 734 et,
577 657 635 720 nisi
655 670 709 721 aut
731 681 824 722 cursu
846 674 1111 746 argumentorum,
1130 679 1187 728 aut
1203 664 1304 729 colore

256 742 486 818 sententiarum,
499 756 555 805 aut
574 742 674 805 nitore
693 756 725 806 et
742 743 830 807 cultu
845 744 942 809 deseri
966 747 1086 813 tionum
1103 749 1252 813 invitatus
1271 764 1304 814 et

254 838 426 912 conruptus
446 839 502 904 est,
528 841 687 891 aversatur
707 826 870 893 dicentem.
962 831 1056 917 ulgus
1076 856 1203 919 quoque
1223 833 1304 897 adsi·

255 912 400 977 stentium
416 923 447 974 et
467 909 607 975 adfluens
629 923 660 975 et
681 934 781 997 vagus
794 912 919 977 auditor
939 915 1089 990 adsuevit,
1098 919 1164 1004 jam
1178 918 1302 1004 exigere

253 997 392 1061 laetitiam
407 1009 438 1059 et
459 995 720 1080 pulchritudinem
742 998 909 1073 orationis3
932 1022 989 1063 nec
1011 1002 1109 1088 magis
1128 1004 1245 1089 perfert
1268 1001 1301 1065 in

247 1082 375 1169 judiciis
396 1080 514 1147 tristem
534 1092 566 1145 et
588 1080 738 1167 inpexam,
758 1082 986 1168 antiquitatem,
1012 1109 1107 1171 quam
1131 1088 1156 1150 si
1177 1088 1247 1174 quis
1267 1087 1302 1149 in

253 1191 343 1231 scena
361 1168 467 1232 Roscii
481 1180 536 1232 aut
551 1166 722 1251 Turpionis
736 1166 877 1231 Ambivii
897 1171 1069 1254 exprimere
1089 1186 1195 1268 gestus
1215 1172 1300 1237 velit.

252 1254 276 1315 J
277 1276 328 1316 am
348 1275 423 1315 vero
439 1252 580 1337 juvenes,
595 1250 627 1313 in
646 1250 713 1336 ipsa
727 1252 902 1333 studiorum
915 1254 1029 1319 incude
1042 1258 1145 1342 positi,
1183 1257 1215 1319 ui
1229 1281 1302 1343 pro·

250 1338 351 1403 iectus
372 1336 420 1399 sui
441 1358 549 1399 caussa
568 1348 703 1399 oratores
722 1348 889 1416 sectantur,
910 1362 972 1403 non
994 1340 1093 1404 solum
1114 1280 1233 1419 audire,
1248 1341 1303 1405 sed

252 1424 345 1499 etiam
369 1421 483 1485 referre
504 1420 631 1483 domum
653 1418 772 1505 aliquid
800 1422 928 1488 inlustre
949 1437 981 1488 et
1003 1424 1134 1510 dignum
1154 1426 1303 1490 memoria

251 1508 382 1583 volunt:
406 1504 535 1570 tradunt
559 1528 597 1568 ue
618 1504 759 1583 invicem,
785 1528 821 1569 ac
843 1530 924 1593 saepe
950 1509 985 1571 in
1012 1510 1145 1575 colonias
1166 1535 1202 1575 ac
1230 1534 1323 1595 pro-·

252 1592 367 1663 vincias
390 1614 461 1655 suas
487 1529 635 1669 scrilmnt,
665 1590 728 1653 sive
757 1612 863 1655 sensus
885 1591 996 1678 aliquis
1018 1607 1132 1677 arguta
1153 1607 1185 1658 et
1213 1595 1300 1658 brevi

249 1676 402 1753 sententia
423 1674 547 1753 effulsit,
571 1675 634 1738 sive
652 1673 740 1740 locus
757 1676 912 1761 exquisito
936 1690 968 1741 et
987 1680 1109 1762 poetico
1129 1678 1217 1743 cultu
1238 1679 1302 1742 eni-

250 1762 322 1827 tuit.
367 1761 516 1845 Exigitur
538 1760 620 1823 enim
637 1760 704 1844 jam
725 1760 766 1822 ab
787 1774 907 1824 oratore
928 1762 1022 1825 etiam
1043 1763 1184 1848 poeticus
1197 1763 1300 1841 decor,

249 1870 312 1911 non
327 1847 410 1910 Attii
424 1859 479 1910 aut
494 1844 623 1909 Pacuvii
642 1857 769 1907 veterno
782 1844 974 1931 inquinatus
994 1847 1048 1912 sed
1069 1870 1109 1910 ex
1124 1848 1249 1912 Horatii
1269 1860 1302 1911 et

249 1932 372 2018 Virgilii
385 1943 416 1996 et
434 1930 556 1996 Lucani
570 1928 701 1993 sacrario
721 1929 869 2014 prolatus.
913 1934 1040 1996 Horum
1062 1931 1159 2017 igitur
1171 1933 1300 1996 auribus

166 2036 175 2053 ⁸
250 2017 418 2105 etjudiciis
435 2018 652 2111 obtemperans
665 2030 842 2077 nostrorum
854 2028 1013 2078 oratorum
1034 2030 1120 2094 aetas,
1142 2015 1300 2101 pulchrior

245 2113 281 2171 ,et
300 2101 435 2166 ornatior
455 2100 584 2163 exstitit.
628 2098 739 2180 Neque
764 2096 834 2158 ideo
855 2098 959 2160 minus
982 2098 1117 2161 efficaces
1138 2114 1212 2166 sunt
1231 2124 1300 2165 ora·

249 2188 347 2250 tiones
362 2200 486 2259 nostrae‚
501 2181 575 2265 quia
589 2180 628 2243 ad
644 2202 734 2242 sures
743 2179 955 2264 judicantium
969 2203 1040 2244 cum
1055 2182 1216 2266 voluptate
1229 2206 1299 2269 per.

248 2272 386 2335 veniunt.
432 2265 517 2343 Quid
530 2264 623 2341 enim,
639 2264 663 2327 si
677 2262 847 2327 infirmiora
867 2265 980 2349 horum
994 2276 1170 2353 temporum
1185 2269 1300 2355 templa

279 2509 470 2571 Easpeciancrtt]
483 2506 521 2555 Sic
529 2504 671 2553 Puteolanus
681 2516 755 2550 coms
788 2502 843 2551 deta
852 2519 867 2551 a
877 2518 923 2563 me,
935 2505 976 2564 qai
986 2502 1098 2551 Ambivio
1100 2504 1164 2566 suit,
1172 2512 1244 2568 naqac
1249 2522 1299 2567 par

247 2576 283 2623 xit
293 2572 456 2622 lectionemed
468 2586 503 2633 pr.
513 2569 661 2631 exspectavit.
683 2566 754 2613 MSS.
788 2568 876 2628 AEaopo
889 2576 911 2615 et
930 2569 1018 2614 Raecio
1037 2565 1096 2629 (sive
1113 2567 1209 2631 Roscio)
1219 2571 1298 2632 flama.

246 2638 302 2686 Vat.
313 2638 458 2697 exspectabit.
479 2634 522 2681 'Sic
529 2647 585 2679 mox
590 2631 754 2692 perpetietur.-
789 2630 893 2680 Fortasse
904 2641 927 2678 et
938 2632 1040 2677 Pellioni
1052 2630 1091 2677 hic
1106 2633 1258 2688 scribendum,
1271 2643 1298 2679 ut

245 2700 316 2765 idque
332 2700 417 2763 recepit
427 2696 552 2746 Broterius
576 2692 623 2743 Sed
632 2692 755 2741 auctcrvi-
787 2694 818 2741 sit
827 2695 867 2743 ille
878 2695 953 2744 Pellio
963 2693 1087 2742 Plautinus
1096 2694 1183 2744 Bacch.
1193 2699 1218 2758 2,
1225 2700 1250 2758 2,
1257 2697 1296 2752 37.

245 2765 313 2812 detur
328 2764 426 2810 variasse
441 2760 545 2809 consulto
561 2758 701 2805 orationem:
713 2757 755 2818 se·
789 2757 865 2808 lares.

245 2837 292 2887 rat,
301 2829 475 2887 exspectaverit,
479 2824 640 2887 perpetietur:
651 2836 707 2868 nam
715 2835 756 2866 ec·-
820 2826 853 2870 In
860 2826 912 2885 ipsa
924 2825 985 2871 stud.
996 2824 1079 2871 incude
1084 2825 1171 2886 positi]
1188 2822 1297 2873 {mitanis

245 2892 383 2953 spectaverit
407 2888 469 2937 idem
491 2898 525 2936 est
551 2885 614 2950 quod
635 2890 754 2947 camalet.
788 2895 823 2935 est
833 2886 940 2935 Sidonius
954 2886 1035 2949 Apoll.
1047 2886 1229 2950 hippalum
1239 2889 1296 2949 phi-

244 2954 316 3002 Eltrr.
350 2955 438 3003 Parum
453 2953 530 3001 refert.
787 2952 1125 3013 lovophicaincudcformatas.
1159 2950 1298 2999 Ceterumet

241 3024 245 3032 '
278 3020 315 3067 Dc
325 3017 468 3093 exceptione]
485 3016 547 3064 Vide
562 3014 619 3078 Dig.
633 3016 673 3062 44.
684 3013 720 3060 tit.
734 3014 754 3059 1.
786 3016 907 3063 commode
928 3014 995 3062 absit.
1027 3014 1099 3061 Enri-
1134 3013 1224 3060 Sustuli
1242 3029 1297 3063 ciam

235 3084 360 3131 'Formula
369 3082 507 3145 intelligitur
517 3079 614 3143 singulis
628 3077 756 3126 actionibus
788 3079 876 3126 Henna.
887 3088 910 3127 et
919 3078 976 3125 aliis.

244 3148 382 3212 praescripta.
819 3145 875 3190 Sive
882 3145 907 3190 ia
918 3144 967 3189 suis
978 3142 1064 3203 aliquis
1071 3142 1171 3204 arguta]
1183 3143 1239 3189 Sine
1246 3157 1297 3190 scn-

242 3224 245 3229 ·
276 3214 329 3259 Pro
340 3213 379 3259 M.
395 3212 474 3259 Tullio
502 3208 563 3257 Eam
577 3204 754 3255 orationemde-
786 3204 1296 3269 mealiqaiacorriguntMuretusAcidaliua

243 3275 357 3338 perditam
373 3274 453 3323 laudat
501 3272 605 3320 aemulus
619 3271 649 3317 de
667 3267 715 3315 diff·
732 3274 755 3313 et
787 3271 922 3319 etFreinsh.
955 3269 1294 3331 Sensmestres‚quaedicitur‚

243 3354 287 3387 soc
315 3339 390 3386 Graeci
415 3337 539 3399 Latinique
565 3334 635 3382 verbi.
655 3348 704 3395 cap.
727 3330 755 3377 de
787 3338 900 3384 mantia
920 3333 1019 3382 oratoria
1045 3332 1155 3395 expolitio
1180 3342 1203 3380 et
1229 3342 1297 3380 acuta

243 3412 291 3449 tem
326 3403 433 3466 perfecto.
463 3396 754 3461 Loensisperperamlege-
787 3398 924 3447 enunciatio.
957 3396 1067 3444 Similiter
1079 3395 1135 3443 alibi
1148 3396 1295 3459 distinguun-

242 3468 283 3514 bat
327 3469 431 3515 .Caelio.
521 3476 523 3483 ·
787 3459 1089 3511 mumma-iocata.
1120 3460 1192 3507 Ean.
1225 3460 1294 3507 Reci-

269 3531 403 3578 Aversatar
412 3529 535 3592 dicentem]
554 3526 665 3585 Schclius,
676 3526 754 3587 inepte
803 3528 918 3574 icarum.
940 3524 1170 3587 Nuninsuis,quod
1177 3524 1294 3586 Ripred-

240 3595 431 3659 repetidicentem
439 3600 511 3653 ratus,
519 3591 638 3655 expungit.
654 3590 751 3639 Schuize
784 3544 844 3637 dunt
859 3589 918 3636 inter
937 3603 997 3648 suos,
1019 3588 1078 3635 nihil
1099 3597 1141 3635 eat.
1172 3588 1243 3646 Pejus
1259 3596 1294 3635 est

239 3662 328 3723 probat.
782 3653 895 3701 Schurzil.
904 3651 1043 3711 instituis.
1051 3651 1177 3713 imparatis·
1199 3650 1294 3713 Lipa'us

273 3726 327 3773 Nec
337 3725 414 3784 magis
420 3722 525 3785 persen]
543 3721 582 3769 Sic
591 3720 663 3769 edidit
673 3718 750 3765 Rhea.
782 3724 881 3764 tentam
891 3719 916 3761 in
927 3716 1028 3761 senatur
1034 3716 1089 3760 suis.

238 3788 477 3849 Anteeratproefirt.
510 3785 581 3833 Eleu.
816 3782 875 3829 Non
886 3780 952 3827 Attii
962 3786 1004 3825 aar
1014 3780 1042 3835 R.
1055 3781 1159 3843 veterno]
1177 3778 1214 3827 Sic
1230 3779 1294 3842 apud

160 3849 167 3861 ’
277 3854 404 3915 Turpionis
410 3852 530 3915 Ambivii]
541 3850 607 3897 Male
615 3849 751 3907 disjungunt
782 3844 862 3893 Sidon.
878 3842 960 3906 Apoll.
971 3859 1008 3906 ep.
1022 3844 1045 3903 1,
1062 3844 1083 3889 1.
1097 3850 1245 3889 memorum
1256 3845 1292 3889 di-

239 3916 301 3970 libri,
317 3917 493 3976 Turpioaicaat
503 3916 617 3961 Ambivii
639 3908 749 3959 Eundem
781 3910 848 3956 cendi
856 3923 936 3970 genus.
969 3907 1038 3955 Prius
1054 3905 1091 3953 ed.
1106 3914 1192 3954 veteres
1207 3908 1293 3955 habent

240 3980 302 4028 enim
317 3980 435 4027 hominem
451 3978 530 4039 fuisse,
541 3976 685 4027 Terentiana
700 3972 749 4035 epi-
781 3974 995 4021 Ecercctarcatm.
1028 3969 1123 4033 Lipsius
1133 3970 1237 4017 conexit

239 4044 332 4108 graphia
348 4043 463 4092 eiCicero
478 4044 508 4090 de
523 4047 637 4093 senectute
655 4038 691 4085 lt.
707 4036 748 4084 do-
780 4048 783 4054 ’
813 4035 1293 4096 Horamig.aaribm.·etmoxadaarcs

237 4120 300 4157 nent.
332 4108 486 4172 Symmachus
496 4105 601 4153 nominat
610 4102 656 4164 Ep
674 4102 748 4159 l‚25.
774 4102 949 4167 judicantium]
972 4098 1036 4147 Hinc
1049 4105 1122 4161 patet,
1138 4096 1228 4159 egregie
1249 4095 1292 4143 Li-

238 4173 346 4233 silim.
372 4165 749 4228 Noatdemnonoraaproaanct-
781 4168 859 4231 psium
874 4165 1038 4213 emendassec.
1060 4163 1097 4209 lo.
1115 4160 1157 4207 ubi
1172 4160 1292 4221 legebatur

239 4240 307 4285 andis
315 4239 406 4301 sabulis
420 4239 451 4284 P.
462 4234 572 4287 Pollioni,
584 4246 654 4293 quom
664 4230 748 4289 Bauio,
781 4239 911 4279 nacturum.
946 4225 1097 4277 ctetest.
1152 4236 1157 4242 '

232 4305 295 4364 ficit,
301 4316 422 4362 acqucpar
429 4298 514 4358 AEsopo
521 4298 622 4345 Etrusco
622 4295 748 4357 snmapro-
816 4296 964 4353 (lenidruim,
981 4292 1002 4337 si
1017 4284 1162 4353 infirmiora]
1177 4286 1237 4336 Vitii
1247 4288 1290 4334 ali.

239 4368 321 4413 cessit.-
334 4380 386 4426 qua
400 4364 470 4412 verbs
480 4360 549 4409 simul
564 4369 591 4408 ut
606 4357 659 4422 legi,
672 4372 748 4407 emen·
783 4359 839 4424 quid
849 4357 966 4410 hisverbis
973 4356 1045 4404 inesse
1053 4361 1116 4417 puto.
1140 4352 1210 4403 Ean.
1232 4348 1289 4399 For·
