3034 4967
571 251 639 314 'AD
659 255 816 317 ANNAL.
835 255 911 318 ΗΒ.
930 256 974 316 11.

761 552 798 612 L.

671 708 758 814 Cer.
780 706 874 765 LXX.

276 866 357 934 Moe,
373 863 423 944 qui
434 863 553 941 publice
567 862 731 934 obtinebat,
745 864 949 945 privatimque.
989 862 1123 931 Publice,
1143 863 1244 923 Liviua
1260 870 1312 938 36,

237 947 266 1001 3.
309 942 437 1003 Consulti
451 943 579 1002 FeeiaIea
592 941 638 998 Μ.
653 941 745 1001 Acilia
762 941 893 1013 Consule,
908 965 973 1002 nam
1008 942 1067 1002 rint
1080 943 1194 1002 AEtaiia
1207 965 1311 1003 renun-

235 1021 335 1080 tianda
356 1021 485 1081 amicitia
509 1031 590 1091 earet,
614 1043 699 1100 quarn
725 1019 825 1080 bellam
854 1023 964 1112 inferen
986 1041 1041 1078 arn.
1083 1021 1167 1079 Idem
1189 1025 1240 1092 42,
1263 1025 1313 1082 25.

237 1099 329 1158 Mitti
349 1097 440 1179 legati
459 1101 566 1160 Perseo
584 1100 739 1158 amicitiam
761 1109 970 1160 renuntiarunt.
1011 1098 1163 1169 Privatim,
1183 1097 1260 1158 infra
1280 1103 1310 1171 6,

236 1182 287 1238 29.
326 1181 439 1238 Morem
445 1180 545 1257 saitae
559 1178 724 1256 majoribus,
739 1180 864 1258 quotiens
878 1180 1045 1239 dirimerent
1064 1176 1210 1246 amicitiae,
1224 1179 1311 1236 inter·

235 1256 327 1316 dicem
339 1259 428 1328 domo,
449 1259 665 1336 eamquefinem
682 1259 788 1336 gratiae
804 1279 932 1338 ponere.-
947 1268 978 1316 et
998 1262 1027 1327 3,
1048 1260 1097 1316 24.
1134 1258 1310 1336 Quamquam

236 1354 292 1393 non
306 1335 384 1394 altra
391 1338 478 1414 staret
498 1337 636 1406 ambitam,
657 1357 742 1415 qaam
763 1347 793 1395 nt
813 1337 940 1396 amicitia
961 1333 1085 1394 Cetaria
1098 1333 1310 1413 prohiberetur.

238 1413 397 1472 Suetonius
417 1417 495 1493 Aug.
521 1419 569 1477 66.
612 1414 742 1475 Cornelio
764 1414 849 1475 Galla
872 1417 906 1475 ab
930 1415 1073 1493 ingratam
1095 1422 1122 1472 et
1146 1411 1310 1472 malevolam

235 1492 356 1550 animum
370 1493 450 1552 domo
464 1504 491 1553 et
499 1494 721 1574 prouinciisaaie
732 1495 891 1553 interdixit.
922 1493 1004 1551 Idem
1015 1493 1044 1549 iu
1053 1491 1311 1554 clariaGrammat.

236 1569 274 1636 de
289 1570 392 1629 Curtio
406 1571 493 1630 Nicia
516 1576 561 1632 14.
602 1573 770 1651 Pompeium
783 1573 909 1650 effendit,
930 1573 1064 1648 domoque
1083 1571 1110 1629 ei
1130 1569 1310 1629 interdictam

233 1659 284 1718 ert.
325 1649 374 1708 Sic
389 1650 497 1708 Badius
513 1652 680 1728 Campanus
695 1650 775 1728 apud
787 1651 905 1710 Livium
926 1654 975 1719 25,
997 1653 1041 1709 18.
1055 1647 1152 1728 palam
1173 1648 1309 1707 omnibus

234 1727 384 1785 renuntiat
409 1728 568 1806 hospitium
596 1729 741 1807 Crispino.
798 1731 901 1807 Atque
927 1727 985 1786 hoc
1009 1739 1064 1796 est,
1092 1727 1174 1803 quod
1201 1726 1309 1786 Cicero

234 1803 403 1864 inimicitiae
417 1806 590 1865 denuntiare
604 1808 656 1877 ait,
672 1825 725 1884 pro
747 1807 783 1865 L.
798 1807 907 1866 Flacco
927 1812 955 1867 1.
994 1805 1122 1874 Etenim,
1142 1825 1205 1864 cnm
1218 1825 1236 1862 a
1249 1807 1309 1868 ela-

233 1883 350 1951 resimis
363 1882 613 1957 oiriajastissimat
631 1884 795 1942 inimicitias
816 1906 972 1961 capenam
990 1883 1058 1941 bene
1077 1883 1185 1940 meritis
1204 1881 1309 1942 ciuibus

233 1961 377 2037 erponem
399 1981 457 2020 erae
479 1962 619 2030 uidissem,
642 1984 697 2022 non
723 1982 783 2020 eam
807 1964 972 2028 arbitratus,
999 1981 1167 2039 quemqnam
1190 1961 1310 2027 arrianam

227 2039 339 2117 patriae
353 2081 361 2099 .
374 2079 382 2096 .
397 2081 406 2097 .
420 2087 427 2100 .
442 2059 528 2098 navat
541 2042 606 2100 haic
618 2040 778 2100 inimicitiae
788 2041 867 2099 66116
880 2053 995 2117 accepta
1008 2039 1113 2118 t'm'aria
1128 2040 1308 2098 denuntiata·
1341 2061 1344 2066 ·

232 2136 307 2176 rurn.
349 2118 462 2178 Seneca
476 2117 560 2196 epist.
575 2123 613 2189 76
631 2122 708 2194 (77).
749 2119 925 2177 Inimicitiae
936 2118 1006 2176 milri
1020 2117 1177 2186 denuntias,
1187 2118 1213 2176 si
1225 2118 1309 2195 quid-

233 2215 366 2274 qucrnea
385 2197 430 2265 iia,
446 2218 510 2275 qace
519 2197 740 2276 qnotidiesaaio,
754 2197 936 2277 ignoraverit.
974 2197 1069 2264 Idem,
1083 2195 1163 2273 quad
1176 2197 1309 2255 indicere

233 2273 399 2334 inimicitias
410 2277 525 2334 Seneca
534 2277 582 2334 De
596 2277 638 2334 ira
651 2282 680 2346 3,
691 2280 740 2334 tn.
785 2277 1023 2354 Quidjavattam
1046 2296 1109 2333 narn
1125 2273 1154 2330 in
1169 2284 1307 2333 aeternam

232 2353 341 2430 genitos
368 2353 428 2414 irat
455 2354 574 2414 indicere
599 2364 626 2412 et
652 2355 843 2414 brevissimam
867 2363 979 2412 aetatem
1009 2297 1169 2432 dissipare?
1218 2353 1308 2414 Unde

232 2431 393 2502 inimicitiae
403 2432 530 2500 indictae,
543 2446 576 2491 ut
583 2433 857 2492 indictumbellum.
892 2430 1028 2489 Sidonius
1038 2429 1059 2490 1.
1068 2441 1096 2498 7.
1107 2431 1137 2487 in
1153 2431 1307 2490 concione.

233 2511 401 2572 Inimicitiae
416 2510 538 2570 indictas
560 2514 672 2570 honeste
685 2522 805 2580 exercet,
818 2511 901 2569 tarde
920 2507 1018 2577 eredit,
1033 2506 1163 2567 celeriter
1181 2508 1308 2584 deponit.

234 2590 308 2647 Item
322 2589 482 2658 inimicitiae
496 2600 621 2659 testatae,
638 2590 721 2682 quasi
735 2610 801 2668 quae
815 2589 980 2667 litterarum
994 2586 1164 2645 testimonio
1173 2586 1307 2664 signatae.

215 2661 407 2752 ‚Valbriuste
427 2673 451 2738 l,
469 2671 516 2728 12.
554 2672 701 2727 Acerrime
714 2690 776 2728 eam
791 2669 920 2744 Scipione
942 2665 1085 2746 Africano
1103 2665 1307 2724 Macedonicae

234 2745 574 2825 &trementemque
588 2748 622 2806 ab
643 2747 822 2808 <emulatione
841 2745 954 2805 nirtatia
970 2746 1101 2824 prrffeeta
1115 2744 1255 2803 eontentio
1267 2745 1309 2802 ad

230 2844 333 2904 866666
347 2835 515 2902 testatasque
526 2825 685 2886 inimicitiae
694 2846 848 2960 progressa
860 2827 975 2904 suerat.
1014 2825 1080 2882 Nec
1093 2821 1175 2880 aliud
1188 2842 1305 2892 censeo,

231 2921 299 2962 cum
313 2902 438 2980 legimus
452 2903 619 2962 inimicitiae
634 2923 670 2962 ex
685 2924 739 2980 pro
754 2924 829 2963 esso.
870 2901 953 2960 Huic
973 2912 1077 2979 aperto
1097 2900 1172 2958 mori
1191 2901 1305 2959 utinam

229 2979 275 3038 his
290 2981 419 3040 moribus
433 2981 536 3040 iocus!
577 2981 647 3052 Sed,
669 2993 702 3040 ut
716 2981 814 3041 omnia
834 2981 904 3040 vitia
925 2990 1026 3037 nostro
1048 2998 1119 3046 nvo,
1144 2977 1188 3035 sic
1212 2977 1303 3051 fraus,

230 3057 387 3130 simulatio,
392 3059 477 3117 dolus
487 3057 644 3130 succreiit,
651 3071 682 3118 et
690 3062 847 3137 pessimum
858 3056 1146 3117 amicitiaevenenum
1156 3053 1305 3112 blanditiae

229 3135 361 3196 fallaces.
400 3136 543 3196 Novimus
563 3157 615 3196 noa
640 3137 786 3216 ejusmodi
808 3138 969 3204 stelliones,
989 3135 1040 3212 qui
1063 3133 1173 3192 amicos
1195 3132 1303 3210 quibua

229 3213 371 3283 arrident,
385 3233 456 3272 mox
474 3214 614 3273 arrodunt
623 3243 632 3290 5
656 3232 688 3274 et
709 3207 815 3294 quibui
834 3215 914 3274 66116
931 3232 998 3290 apes
1011 3212 1098 3272 famae
1117 3221 1173 3281 est,
1196 3211 1252 3268 nisi
1272 3211 1304 3271 in

224 3291 297 3350 ,labe
310 3291 397 3350 famae
410 3292 529 3351 alieuae.'‘
550 3294 664 3352 Datum
674 3305 719 3353 est
728 3295 812 3352 nobis
823 3294 935 3371 grande
946 3291 1102 3372 exemplum
1106 3290 1302 3370 praecavendi,

229 3370 368 3448 quomodo
374 3371 534 3450 fraudibus
554 3371 693 3431 involutae
710 3373 893 3452 aatflagitiie
905 3368 1131 3440 commaculatos,
1155 3369 1197 3428 aie
1213 3368 1303 3448 specie

228 3451 362 3506 bonarum
380 3451 485 3509 artium
496 3449 596 3529 faleor
618 3461 645 3510 et
666 3451 799 3511 amicitie
813 3451 951 3530 fallaces,
971 3461 1004 3509 ut
1025 3469 1096 3509 vere
1114 3445 1188 3508 dixit
1200 3459 1301 3508 noster

227 3536 311 3588 rates
326 3531 373 3598 16,
388 3533 437 3592 92.

739 3709 784 3770 Μ.

642 3869 739 3928 cAP.
759 3868 882 3928 LXXV.

224 4049 228 4059 ·
262 4031 350 4094 Qnro
364 4038 453 4086 vocat
472 4027 572 4086 laetum
591 4027 726 4085 cultum?
769 4026 928 4084 Vestemne
946 4024 1054 4090 albam,
1075 4020 1172 4099 posite
1191 4022 1297 4100 nigra?

224 4121 262 4164 an
282 4125 383 4166 aarum
405 4117 435 4164 et
458 4116 640 4175 ornamenta,
656 4118 722 4182 quae
743 4103 774 4162 in
794 4105 878 4163 luctu
892 4104 1043 4182 ponebant
1056 4100 1186 4170 feminee,
1200 4121 1297 4179 eoque

222 4184 305 4244 finito
320 4183 526 4263 recipiebant?
560 4185 630 4243 Non
643 4195 702 4242 tam
715 4183 884 4262 procliveid
895 4192 1036 4248 statuere,
1048 4189 1168 4257 propter
1179 4192 1297 4243 veteres

221 4263 465 4342 scriptores„qui
484 4263 541 4321 hac
566 4260 595 4319 in
616 4279 649 4321 re
669 4262 823 4321 sententiis
844 4259 959 4318 diversi.
1000 4257 1176 4337 Dionysiua‘
1190 4263 1221 4328 8,
1247 4264 1295 4318 62.

220 4342 336 4418 nigram
346 4353 458 4400 vestem
472 4339 588 4398 feminis
602 4340 745 4402 attribuit.
783 4343 916 4409 Γυναῖκες
927 4334 1081 4412 Ῥωμαίων,
1096 4336 1207 4416 ἄνόμος
1220 4335 1295 4395 ἐστὶν

221 4418 319 4489 αὐταῖς
330 4419 443 4488 introit
457 4416 530 4487 tttm
543 4416 591 4480 nai
604 4414 863 4497 draynainrnntir
875 4417 992 4496 niterer,
1002 4415 1174 4494 ἀποθέμεναι
1187 4410 1295 4495 χρυσόν
