3034 4967
228 242 281 299 ii·
592 238 646 299 DE
667 238 927 301 ORATORlBUS

250 438 257 449 ·
274 398 369 465 Adeo
379 412 410 466 te
424 398 584 485 trngoediae
594 400 661 465 istae
671 422 733 465 non
744 400 867 477 sanant,
877 398 981 487 inquit
991 401 1092 489 Aper,
1102 424 1168 489 quo
1178 405 1291 487 miuus,

230 485 352 551 omissis
364 483 539 549 orationum
553 498 585 550 et
605 507 783 549 caussarum
802 484 923 562 studiis,
939 494 1031 549 omric
1051 499 1176 573 tempus
1196 492 1292 556 modo

233 570 315 635 circs
328 568 488 647 Medeam,
501 592 571 634 ecoe
584 590 668 635 nunc
677 570 758 634 circa
766 568 939 656 ssyesten,
950 575 1138 635 consumas?
1157 596 1230 638 curn
1245 589 1292 640 tot

233 655 401 721 stultorum
414 675 543 733 caum,
557 668 604 719 tot
617 653 809 719 coloniarum
827 667 859 718 et
878 654 1118 741 municipiorum
1131 656 1291 739 clientelae,

234 739 267 803 in
280 737 385 802 forum
398 752 519 817 vocent,
530 739 646 825 quibus
659 739 712 801 vix
724 738 888 816 sufficeres,
895 738 1016 803 edamsi
1029 762 1092 803 non
1102 762 1220 807 novum
1234 743 1293 810 tibi

234 823 301 909 ipse
323 824 483 908 negotium
511 824 705 910 inportasses,
731 822 909 887 Domitium
933 836 966 888 et
986 823 1148 904 Catonem,
1174 827 1209 891 id
1234 842 1292 909 est,

234 918 355 973 nostras
364 930 490 995 quoque
499 908 651 987 historias,
661 921 693 973 et
701 908 845 973 nomana
855 906 990 987 nomina,
1003 908 1188 975 Groeoorum
1199 912 1293 979 labu-

230 1120 231 1127 .
280 1012 591 1144 vaffiaoemus:
616 1078 821 1143 Perturbarer
833 1075 893 1139 hac
907 1091 962 1141 tua
975 1079 1145 1159 severitate,
1159 1080 1218 1145 nisi
1231 1081 1292 1147 fre·-

235 1182 334 1245 quens
347 1182 384 1225 ac
396 1162 527 1228 adsidua
537 1162 626 1228 nobis
638 1160 794 1227 contentio
802 1160 869 1259 jam
883 1184 981 1247 prope
992 1162 1025 1226 in
1038 1165 1294 1233 consuetudinem

234 1244 383 1311 vertisset.
414 1249 497 1311 Nam
512 1270 568 1312 nec
583 1258 619 1311 tu
630 1248 748 1333 agitare
758 1259 791 1309 et
803 1246 925 1341 insequi
935 1261 1043 1330 poetas
1055 1248 1245 1329 inter-mittin
1261 1266 1293 1317 et

236 1352 306 1415 ego,
320 1328 371 1395 cui
385 1331 533 1396 desidiam
547 1330 783 1396 advocationum
797 1329 915 1416 objicis,
929 1331 1146 1429 quotidianum
1166 1334 1225 1399 hoc
1239 1357 1294 1421 pa·

235 1413 399 1479 trocinium
421 1415 624 1481 defendendae
646 1416 795 1481 adversus
819 1428 850 1477 te
870 1430 999 1501 poeticae
1023 1440 1161 1483 exerceo.
1221 1422 1294 1498 Quo

234 1497 324 1563 laetor
336 1500 445 1584 magis,
460 1500 599 1578 oblatum
621 1498 709 1576 nobis
725 1498 875 1585 judicem,
913 1501 946 1563 ui
966 1500 1081 1565 merel
1100 1502 1133 1565 in
1147 1504 1292 1568 futurum

235 1593 318 1647 vetet
332 1606 438 1649 versus
459 1587 569 1661 facere,
591 1584 649 1663 vel,
663 1584 749 1672 quod
764 1584 831 1667 jam
850 1522 971 1668 pellem
990 1598 1077 1671 opto,
1096 1610 1152 1650 sua
1166 1607 1293 1675 quoque

235 1669 417 1733 auctoritate
432 1670 605 1757 compellat,
620 1683 667 1747 ut,
681 1668 801 1733 omissis
814 1667 983 1733 forensium
999 1692 1179 1735 caussarum
1192 1694 1293 1758 angu-

236 1751 312 1830 stiis,
327 1752 360 1816 in
374 1754 489 1838 quibus
503 1755 575 1819 satis
596 1753 672 1817 mihi
691 1774 846 1839 superque
862 1751 1010 1829 sudatum
1030 1768 1088 1833 est,
1110 1757 1292 1822 sanctiorem

235 1835 325 1901 istam
340 1851 372 1902 et
384 1839 594 1925 augustiorem
608 1837 815 1923 eloquentiam
828 1836 938 1901 oolam.

278 1921 320 1988 V.
335 1924 408 2009 Ego
422 1946 506 2004 vero,
521 1924 622 2011 inquit
638 1921 810 1998 Secundus,
821 1936 988 2018 autequam
1002 1944 1052 1987 me
1059 1923 1198 2009 judicem
1207 1932 1293 2015 Aper

235 2020 364 2085 recuset,
378 2008 500 2085 faciam,
516 2008 602 2094 quod
623 2006 714 2092 probi
734 2017 767 2069 et
787 2006 918 2070 modesti
932 2005 1054 2093 judices
1073 2009 1182 2088 solent,
1203 2014 1292 2077 utin

169 2108 174 2119 ·
235 2090 283 2153 his
308 2092 536 2177 cognitionibus
564 2114 597 2153 se
622 2102 780 2166 excusent,
805 2088 837 2152 in
863 2090 978 2176 quibus
1006 2091 1205 2158 manifestum
1233 2111 1291 2177 est,

235 2174 363 2241 alteram
376 2176 462 2263 apud
481 2196 534 2238 eos
554 2186 674 2264 partem
695 2173 796 2261 gratia
816 2174 991 2262 praevalere.
1036 2175 1115 2256 Quis
1135 2179 1217 2244 enim
1238 2203 1292 2250 ns-

269 2396 370 2443 Omissis
387 2398 518 2444 munuum
536 2402 558 2444 et
575 2410 687 2444 errrorem
698 2404 748 2445 rtu-
779 2411 845 2445 meus
863 2395 927 2444 liber.
964 2396 1043 2443 Antea
1058 2407 1162 2463 corrupte
1179 2408 1203 2450 et
1218 2404 1291 2452 muti.

235 2460 295 2524 diis]
308 2459 560 2509 Omninoscribendum
569 2459 673 2522 conjicio,
682 2476 748 2509 ecus.
780 2461 834 2518 late,
845 2460 1165 2512 mensiumuuvocamur.
1197 2464 1274 2515 Inrs.
1343 2488 1348 2497 ·

235 2536 316 2570 surum
321 2525 413 2571 studiis.
424 2523 500 2571 Iura.
513 2524 587 2586 lipsii
593 2526 748 2585 conjecturam
804 2525 960 2586 Defendendoe
966 2524 1105 2573 reversuris
1108 2529 1216 2591 pontu]
1225 2531 1292 2579 Bene

235 2587 319 2649 recepit
327 2587 435 2634 Pichena·
460 2588 532 2636 Enii.
560 2588 748 2637 Monumentaet
779 2588 837 2635 liber
847 2601 920 2633 meus.
952 2586 1291 2651 Alii,defeudensuduerssste

234 2664 306 2715 opera
315 2650 663 2715 ingeniinonrsruetquidvis
674 2652 746 2713 aliud,
774 2651 870 2713 poetice.
903 2650 979 2699 Ltus.

236 2710 260 2759 in
269 2714 332 2776 quod
342 2714 468 2761 intenditur
477 2716 577 2773 animus,
589 2731 657 2765 eurus
667 2715 746 2777 appel-
806 2714 936 2763 Musarum
944 2714 1071 2781 auguriis]
1082 2718 1107 2767 Si
1116 2721 1290 2784 Mususforess·

235 2774 285 2822 lant
295 2776 333 2824 hic
343 2786 427 2838 noster,
438 2778 541 2838 Tacitus,
551 2778 637 2843 aliique
644 2781 694 2841 ejus
704 2778 747 2824 aevi
779 2791 814 2823 ses
824 2774 869 2824 dici
882 2792 948 2839 posse
967 2778 1126 2840 concedamus,
1142 2786 1204 2849 quod
1221 2795 1290 2849 negat

235 2838 372 2902 scriptores:
398 2842 541 2905 peculiariter
559 2854 636 2891 sutem
653 2842 746 2907 siqua·
779 2840 1289 2911 Bunnann.achtrou.c.5.tsmenuugu.

234 2918 287 2949 rum
296 2920 372 2951 rerum
381 2904 485 2953 tractatio
493 2906 649 2956 molestiarum
660 2914 684 2950 et
693 2904 746 2950 soli-
779 2906 1014 2953 rtioeMusurumnon
1039 2908 1120 2957 lacent.
1145 2910 1289 2974 ltaquecum

235 2964 343 3016 citudinis
353 2970 455 3017 multum
466 2971 542 3019 habet.
577 2972 697 3017 Cururum
711 2975 746 3013 ta·
779 2969 1017 3019 Burmannol.e.rnl
1057 2976 1129 3035 probo
1140 2974 1224 3022 Schelii
1235 2990 1290 3023 con-

234 3044 288 3079 men
304 3034 381 3079 studia
392 3033 476 3081 durum
489 3049 516 3081 uc
531 3032 629 3081 insolens
644 3044 687 3093 pro
697 3040 746 3078 stu·
776 3034 887 3094 jucturam
896 3048 1048 3091 caussarum,
1065 3052 1135 3098 quarn
1145 3038 1222 3097 ctiam,
1234 3040 1290 3102 quia

235 3093 285 3142 diis.
318 3095 643 3158 Legeremrsrum,velcum
657 3093 745 3159 lipsio,
779 3098 811 3145 sic
821 3096 906 3143 habent
917 3097 989 3145 MSS.
1003 3096 1058 3146 Vut.
1069 3111 1123 3146 cunr
1134 3098 1239 3149 Brotcrio
1253 3119 1290 3150 re-

235 3172 371 3207 euussurum
379 3164 472 3208 studiis.
505 3162 596 3208 (inor.
779 3160 836 3225 cepi.
858 3161 955 3208 Heinsio
963 3161 1067 3223 placebat
1073 3178 1186 3211 curarum
1196 3166 1234 3213 rel
1244 3170 1290 3214 tri-

270 3224 401 3289 Clisutelae]
410 3226 471 3283 Quae
481 3234 604 3287 patronum
615 3230 747 3283 coepissent
779 3238 867 3271 curum.
883 3223 951 3271 Enr-
968 3225 1071 3273 Sehelius
1081 3230 1227 3292 comparabat
1234 3231 1290 3280 scite

235 3284 380 3335 Maternum.
410 3289 481 3335 Notae
489 3284 747 3347 sunitesseraehospita·
778 3289 1289 3353 agrestioresMusos‚quiburjlrreruescuus.

234 3348 315 3408 litatis,
326 3350 355 3397 de
366 3351 450 3414 quibus
461 3350 600 3399 Tomasinus
615 3350 651 3397 12.
670 3351 746 3396 Amet
778 3366 816 3397 sus
826 3353 982 3412 relinquebant
996 3354 1134 3415 philosophi,
1150 3364 1177 3404 ut
1188 3356 1237 3405 cic.
1253 3373 1289 3405 re·

238 3412 306 3467 1670.
340 3414 377 3463 ct.
393 3415 485 3463 etGori
501 3413 572 3461 inser.
590 3421 637 3461 snt
655 3420 671 3463 t
687 3417 709 3460 1.
723 3429 746 3475 p.
778 3414 967 3464 innotesci.
1008 3416 1042 3463 Iis
1054 3429 1202 3481 opponuntur
1212 3422 1289 3469 rrusae

234 3477 274 3523 65,
779 3480 945 3525 mansuetiores
955 3494 969 3526 a
986 3480 1018 3527 ud
1028 3482 1126 3529 eundem
1136 3484 1183 3547 Ep.
1192 3484 1222 3531 ad
1232 3486 1289 3533 fam.

234 3554 237 3561 ·
268 3542 401 3601 Negotium
412 3538 571 3605 impertaesus]
584 3540 652 3589 Asu.
663 3550 747 3589 temere
781 3544 803 3602 l,
815 3545 839 3590 9.
871 3543 956 3590 SedM
993 3546 1193 3595 .suus'sithonos.

235 3608 383 3665 imposuisses
391 3608 428 3655 vel
438 3610 580 3669 impetrasses.
608 3604 681 3669 Vulg.
689 3607 747 3653 bene
811 3609 844 3655 Iu
852 3607 889 3652 liis
899 3610 1069 3666 cognitionibus
1078 3610 1197 3673 excusent]
1208 3611 1287 3660 Intell.

234 3666 310 3715 habet.
323 3670 360 3717 cf.
374 3672 445 3719 Gron.
777 3670 810 3723 se,
827 3669 871 3716 nisi
881 3670 905 3716 id
916 3671 992 3732 ipsum
1003 3672 1096 3730 excidit,
1108 3682 1161 3721 ante
1171 3682 1288 3735 excusent,

234 3740 238 3747 '
262 3733 409 3797 Domitium]
421 3731 598 3780 Videturfuisse
606 3733 634 3790 is,
658 3732 747 3791 ui,Ju-
779 3733 841 3797 quod
852 3733 918 3781 facile
928 3733 977 3781 fieri
993 3736 1068 3797 potuit
1078 3739 1108 3784 ab
1118 3737 1203 3785 omissa
1211 3739 1289 3787 litera·

234 3794 266 3841 lio
276 3794 361 3846 Curari
373 3796 549 3853 infensissimus,
559 3796 631 3847 Phara
655 3796 748 3845 isaacie
779 3796 1001 3859 mmdupliutione,
1012 3807 1040 3846 ut
1050 3800 1216 3862 saepeinlibris
1228 3814 1289 3850 rete·

233 3861 354 3915 occubuit3
368 3860 454 3920 dequo
465 3860 528 3907 Suet.
541 3860 597 3907 Ner.
609 3862 632 3908 2.
778 3860 842 3907 ribus
858 3859 945 3909 factum
961 3862 1037 3909 sciunt
1051 3878 1140 3922 omnes,
1151 3866 1192 3928 qui
1204 3878 1290 3915 veteres

266 3924 418 3985 segregare]
431 3922 469 3970 Sic
477 3938 518 3985 pro
525 3923 587 3987 vulg.
596 3927 747 3986 adgregans,
779 3922 848 3971 libros
858 3931 992 3983 tractarunt,
1004 3934 1027 3973 et
1037 3926 1121 3975 centies
1131 3944 1146 3975 a
1155 3929 1238 3977 cunct<
1247 3931 1289 3977 ob.

235 3986 300 4032 Pith.
316 3995 339 4033 et
355 3985 421 4033 Mur.
437 3986 554 4038 referendo
571 3989 601 4035 ad
620 3989 748 4049 negotium.
779 3994 894 4035 serratum
906 3998 948 4036 est.
980 3990 1194 4054 Broteriusreeepit
1215 3991 1288 4040 Erre.

235 4050 335 4097 Schulze
345 4064 438 4113 quoque
448 4052 539 4114 recepit.
779 4051 867 4113 Sequor
877 4067 931 4099 cum
943 4052 996 4115 Bip.
1008 4062 1031 4100 et
1042 4054 1155 4102 Sdrulzio.

268 4115 387 4175 Frequens
400 4130 427 4160 ue
439 4115 545 4181 assiduo]
565 4116 629 4163 Con.
640 4116 664 4178 s.
680 4120 748 4175 cique
812 4118 911 4163 Partem
916 4120 997 4177 gratio
1000 4119 1140 4181 poeuuure]
1149 4117 1187 4165 Ita
1194 4117 1289 4181 lipsius

233 4179 334 4229 assidue.
368 4178 437 4224 Eur.
779 4180 1025 4243 inmarginesorrexit,
1033 4195 1075 4243 pro
1087 4182 1187 4243 vulgato,
1195 4190 1289 4244 purtem

262 4242 308 4293 cui
317 4241 430 4309 desidium
438 4243 626 4309 advocationum]
638 4243 749 4293 Praeclare
776 4245 871 4307 gratie.
904 4244 1104 4308 Pithenareoepit.
1136 4244 1206 4300 Enii.
