3034 4967
574 248 635 308 Ab
653 246 821 308 HISTOR.
841 246 919 306 LlB.
939 245 997 304 III.
1267 248 1322 309 179

239 408 286 467 ‘ad
299 410 433 488 requiem
453 410 550 480 sumti,
565 421 597 470 et
614 410 759 472 Minutius
771 410 792 469 J
794 420 875 469 ustus
888 409 975 470 Praef.
989 417 1151 468 castrorum
1171 406 1230 485 leg.
1245 404 1315 476 Vll,

247 488 318 565 quia
332 487 482 555 audacius,
498 508 587 565 quam
600 490 678 548 civili
692 490 782 559 bello,
795 488 992 567 imperitabat,
1007 486 1176 545 subtractus
1189 485 1312 545 militum

246 565 308 636 irae,
323 565 361 623 ad
376 566 589 643 Vespasianum
606 567 710 625 missus
724 578 778 625 est.
818 566 992 626 Desiderata
1006 565 1056 623 diu
1077 583 1123 621 res
1137 563 1311 642 interpreta-

246 643 327 702 tione
344 644 446 721 gloriae
464 646 495 702 in
515 648 611 723 majus
624 645 779 723 accipitur,
799 655 954 722 postquam
971 644 1073 703 Galbae
1087 641 1237 718 imagines,
1255 642 1312 701 dis·

246 722 349 781 cordia
367 734 427 780 tem
450 742 533 781 orum
551 726 715 794 subversas,
733 723 764 780 in
782 723 915 781 omnibus
935 722 1044 780 munici
1067 722 1099 779 iis
1119 721 1210 779 recoli
1227 722 1314 797 jussit
1388 727 1393 739 '

250 800 405 869 Antonius,
421 744 562 860 decorum
582 822 636 880 pro
651 820 755 861 caussa
768 812 857 870 ratus,
871 801 897 858 si
930 800 1027 859 lacere
1073 799 1148 858 albae
1160 799 1311 877 Principa-

246 890 310 937 tum
323 890 422 957 partes
436 892 655 957 praesumerent.
695 880 858 946 Quaesitum
871 822 951 945 inde,
962 898 1029 955 quae
1042 878 1126 935 sedes
1140 877 1218 936 bello
1231 881 1313 955 lege·

245 969 337 1013 retur.
377 957 496 1017 Verona
509 957 606 1035 potior
618 959 690 1027 visa,
703 958 872 1035 patentibus
886 957 997 1015 circum
1009 957 1119 1033 campis
1134 957 1170 1013 ad
1184 976 1313 1033 pugnarn

246 1046 425 1111 equestrem,
441 1056 500 1113 qua
517 1038 730 1113 prevalebunt:
742 1035 837 1105 ,simul
853 1035 997 1093 coloniam
1012 1034 1104 1111 copiis
1117 1034 1241 1094 validam
1260 1055 1313 1093 au·

245 1112 323 1170 ferre
336 1114 455 1171 Vitellio
469 1114 499 1171 in
513 1134 575 1172 rem
588 1115 755 1194 famamque
769 1114 931 1171 videbatur.
961 1115 1099 1171 Possessa
1112 1112 1175 1187 ipso
1189 1113 1311 1172 transitu

186 1236 190 1243 .
247 1189 402 1259 Vicentia;
422 1193 502 1269 quod
522 1212 576 1270 per
589 1212 622 1251 se
640 1214 742 1271 parurn
761 1192 886 1271 (etenim
905 1191 1030 1249 modicae
1045 1189 1203 1266 municipio
1217 1192 1308 1267 vires)

245 1270 344 1345 magni
358 1269 499 1329 momenti
513 1272 612 1329 locum
627 1270 763 1339 obtinuit,
778 1270 982 1348 reputantibus
996 1268 1055 1327 illic
1067 1268 1215 1327 Caecinam
1228 1270 1312 1345 geni-

245 1357 318 1416 tum,
334 1359 365 1405 et
378 1348 501 1426 patriam
515 1350 644 1407 hostium
655 1349 735 1407 Duci
749 1360 889 1425 ereptam.
908 1348 945 1416 ,ln
957 1346 1174 1405 Veronensibus
1186 1346 1313 1425 pretium

245 1425 321 1483 fuit:
342 1426 481 1503 exemplo
492 1428 660 1505 opibusque
673 1437 771 1505 partes
781 1430 894 1503 juvere.
916 1426 956 1483 Et
969 1425 1149 1503 interceptus
1164 1425 1312 1484 exercitus

244 1522 300 1580 per
310 1504 457 1563 Rhaetiam
466 1505 619 1583 Juliasquc
631 1506 741 1583 Alpes:
755 1524 802 1575 ac,
813 1524 850 1563 ne
860 1504 992 1582 pervium
1006 1503 1055 1561 illa
1064 1504 1247 1562 Germanicis
1259 1524 1311 1562 ex·

246 1582 388 1640 ercitibus
407 1583 494 1652 foret,
514 1586 691 1661 obrepserat
731 1585 804 1648 Quae
819 1584 921 1659 ignara
933 1582 1115 1658 Vespasiano
1135 1594 1186 1639 aut
1203 1584 1310 1642 vetita:

246 1659 357 1738 quippe
370 1662 517 1738 Aquileiae
534 1663 597 1721 sisti
616 1663 727 1720 bellum
748 1662 975 1739 exspectarique
988 1661 1161 1719 Mucianum
1177 1662 1310 1737 jubebat.

245 1738 475 1817 Adjiciebatque
493 1741 615 1818 imperio
630 1735 791 1808 consilium,
807 1739 924 1817 quando
938 1739 1095 1817 AEgyptus,
1114 1739 1243 1797 claustra
1260 1759 1311 1798 an·

246 1835 343 1885 nonre,
367 1818 525 1906 vectigalia
549 1818 834 1895 opulentissimarum
862 1818 1077 1895 provinciarum
1100 1816 1312 1888 obtinerentur,

245 1913 333 1971 posse
348 1893 459 1951 Vitellii
480 1896 641 1954 exercitum
660 1905 793 1971 egestate
812 1893 949 1971 stipendii
965 1894 1163 1971 frumentique
1176 1896 1214 1953 ad
1232 1896 1314 1955 dedi·

244 1971 356 2030 tionem
377 1973 483 2050 subigi.
526 1974 638 2032 Eadem
652 1973 812 2030 Mucianus
832 1972 942 2031 crebris
960 1971 1090 2049 epistolis
1103 1974 1253 2043 monebat,
1267 1974 1311 2031 in-

246 2061 399 2108 cruentam
410 2062 441 2109 et
451 2052 514 2109 sine
527 2052 612 2109 luctu
623 2050 774 2109 victoriam
786 2062 817 2109 et
827 2051 885 2109 alia
894 2050 1098 2127 hujuscemodi
1108 2053 1311 2128 praeterendo,

207 2151 212 2154 ·
244 2128 298 2186 sed
308 2128 408 2205 glorie
421 2129 523 2187 avidus
536 2142 626 2207 atque
640 2148 727 2187 omne
737 2128 807 2187 belli
820 2128 911 2187 decus
925 2129 979 2186 sibi
993 2129 1130 2187 retinens
1171 2130 1311 2189 Ceterum

244 2226 285 2263 ex
305 2207 501 2265 instantibus*
520 2218 665 2265 terrarum
686 2208 787 2285 spatiis
808 2207 930 2265 consilia
950 2218 1017 2284 post
1038 2226 1085 2264 res
1104 2206 1310 2267 afferebantur.

243 2284 340 2361 Igitur
353 2286 509 2363 repentino
522 2285 642 2345 incursu
658 2285 806 2343 Antonius
820 2284 961 2343 stationes
976 2284 1103 2343 hostium
1118 2286 1231 2362 irrupit,
1245 2298 1309 2345 ten·

244 2362 373 2439 tatisque
392 2364 450 2420 levi
470 2364 574 2441 proelio
588 2364 700 2431 animis,
723 2381 763 2420 ex
784 2382 869 2440 aequo
888 2364 1060 2422 discessum.
1099 2363 1176 2421 Mox
1192 2366 1311 2423 Crecina

242 2441 320 2498 inter
334 2441 502 2508 Hostiliam,
516 2442 614 2500 vicum
628 2441 852 2512 veronensium,
867 2452 897 2498 et
914 2440 1036 2518 paludes
1055 2440 1170 2499 Tartari
1183 2442 1311 2501 fluminis

244 2530 341 2579 castra
361 2521 528 2597 permuniit,
546 2531 627 2578 tutus
647 2520 726 2586 loco,
742 2538 809 2577 cum
828 2529 912 2594 terga
930 2518 1061 2586 flumine,
1079 2518 1172 2578 latera
1188 2521 1309 2597 objectu

243 2598 370 2730 paludis,
380 2610 560 2675 tegerentur.
588 2598 678 2662 Quod
691 2598 715 2655 si
729 2596 859 2667 affuisset
869 2596 952 2665 fides,
967 2608 1018 2654 aut
1030 2598 1154 2675 opprimi
1168 2599 1309 2657 universis

273 2675 468 2735 itellianorum
487 2678 596 2735 viribus
615 2676 683 2735 duae
700 2675 842 2752 legiones,
862 2674 993 2733 nondum
1013 2679 1172 2752 conjuncto
1186 2679 1309 2737 Moesico

244 2755 391 2822 exercitu,
413 2766 548 2833 potuere,
572 2767 624 2812 aut
646 2764 803 2813 retroactae
823 2753 941 2811 deserta
965 2753 1050 2811 ltalia
1069 2766 1186 2831 turpem
1206 2756 1308 2833 fugam

244 2832 466 2891 conscivissent.
508 2832 568 2891 Sed
593 2832 712 2891 Caecina
737 2850 791 2908 per
814 2831 907 2889 varias
934 2850 1029 2889 moras
1056 2832 1149 2909 prima
1175 2834 1309 2891 hostibus

242 2910 375 2968 vendidit
393 2923 527 2988 tempora
544 2910 624 2979 belli,
639 2910 721 2977 dum,
736 2929 809 2986 quos
822 2910 908 2968 armis
928 2908 1039 2985 pellere
1053 2922 1219 2987 promptum
1234 2922 1308 2981 erat,

243 2988 373 3065 epistolis
386 2989 529 3067 increpat,
545 2988 641 3047 donec
654 3008 707 3065 per
719 2988 843 3046 nuncios
858 2998 945 3064 pacta
957 2986 1088 3061 perfidiae
1099 2986 1238 3047 firmaret.
1259 2992 1308 3046 ln-

243 3066 330 3123 terim
349 3067 483 3144 Aponius
505 3066 679 3125 Saturninus
699 3086 768 3124 cum
788 3066 906 3142 legione
922 3064 980 3121 VII
1001 3065 1163 3123 Claudiana
1182 3066 1309 3126 advenit.

241 3143 372 3220 Legioui
387 3144 536 3202 Tribunus
551 3145 710 3221 Vipstanus
726 3143 867 3202 Messalla
884 3152 1019 3219 praeerat,
1035 3142 1120 3201 claris
1140 3144 1307 3220 maj0ribus,
1357 3200 1359 3204 .

242 3222 382 3299 egregius
401 3222 475 3300 ipse,
494 3222 588 3300 etqui
601 3222 640 3279 ad
659 3222 690 3280 id
710 3222 822 3280 bellum
844 3219 922 3278 solus
943 3231 1020 3278 artes
1038 3221 1129 3279 bonas
1150 3223 1306 3281 attulisset.

244 3300 310 3359 Has
328 3300 367 3358 ad
381 3300 688 3379 copiasnequaquam
700 3299 865 3358 Vitellianis
885 3318 970 3376 pares
994 3298 1117 3376 (quippe
1131 3310 1192 3357 tres
1210 3300 1309 3360 adhuc

241 3378 375 3455 legiones
396 3382 494 3459 erant)
514 3380 593 3437 misit
613 3378 751 3455 epistolas
773 3378 899 3446 Caecina,
917 3378 1113 3435 temeritatem
1130 3380 1209 3437 victa
1228 3397 1309 3437 arma

241 3457 433 3514 tractantium
452 3458 599 3516 incusans.
640 3456 738 3515 Simul·
752 3456 844 3513 virtus
864 3455 1036 3513 Germanici
1048 3458 1195 3515 exercitus
1216 3459 1322 3515 laudi·

241 3534 519 3605 busattollebatur,
535 3534 646 3593 Vitellii
666 3534 802 3592 modesta
820 3546 850 3591 et
863 3532 976 3610 vulgari
997 3534 1156 3603 mentione,
1178 3535 1259 3593 nulla
1280 3537 1310 3593 in

242 3612 456 3689 Vespasianum
475 3612 662 3673 contumelia.
700 3611 783 3670 Nihil
802 3629 920 3689 prorsus
940 3612 1020 3687 quod
1040 3622 1092 3669 aut
1108 3624 1310 3689 corrumperet

242 3690 369 3759 bostem,
383 3705 435 3749 aut
448 3703 582 3751 terreret.
609 3690 811 3749 Flavianarum
826 3689 951 3767 partium
962 3690 1073 3756 DuceS,
1089 3689 1194 3748 omissa
1207 3692 1310 3766 prioris

138 3831 142 3837 ,
243 3768 368 3827 fortunae
377 3769 558 3838 defensione,
569 3790 624 3847 pro
634 3768 814 3845 Vespasiano
824 3766 989 3843 magnifice,
998 3787 1052 3843 pro
1061 3787 1163 3824 caussa
1174 3767 1309 3838 fidenter,

243 3847 282 3904 de
296 3848 380 3904 exitu
395 3848 503 3916 securi,
519 3848 547 3905 in
558 3847 710 3906 Vitellium
723 3858 756 3903 ut
769 3846 889 3903 inimici.
932 3846 1025 3903 Facta
1036 3845 1172 3902 Tribunis
1186 3857 1217 3902 et
1231 3848 1310 3905 Cen-

212 3932 217 3940 '
242 3924 407 3984 tutionibus
420 3926 576 3994 retinendi,
589 3945 655 4002 quae
664 3923 801 3982 Vitellius
815 3922 995 3991 indulsisset,
1009 3941 1092 3999 spes;
1112 3934 1202 3999 atque
1215 3925 1310 4003 ipsum

208 4036 211 4040 f
244 4003 391 4061 cecinam
405 4024 464 4061 non
475 4005 600 4061 obscure
611 4004 649 4061 ad
660 4002 860 4061 transitionem
873 4002 1074 4059 hortabantur.
1099 4000 1244 4059 Recitatae
1257 4022 1311 4081 pro
1347 4042 1357 4058 .

244 4082 387 4140 concione
401 4082 535 4160 epistolae
552 4081 694 4141 addidere
707 4080 857 4149 fiduciam,
877 4090 933 4139 etc.
946 4100 979 4138 eo
993 4078 1091 4137 ordine
1109 4100 1164 4156 qao
1184 4081 1313 4160 deinceps

243 4162 361 4239 vulgati.

241 4349 371 4465 ᾱὲΜΑῗ
385 4366 479 4417 quoque
492 4350 609 4402 editiones⁴
619 4352 707 4403 habent
723 4352 873 4411 iactantibus,
888 4347 944 4397 vitio
959 4362 1099 4413 operariam
1119 4364 1174 4398 nam
1190 4347 1314 4411 legendum

258 4431 268 4461 1
359 4431 397 4463 us.

1106 4496 1127 4534 u
1141 4480 1159 4533 2
