3034 4967
564 236 782 302 Dtthootts.
798 245 930 309 cana
1144 230 1149 238 ’
1236 253 1276 322 ⁵5

210 402 350 471 stmliose
362 402 538 479 audiebam,
552 400 606 467 sed
619 399 705 467 domi
717 426 738 490 q
804 419 884 472 ueet
895 406 930 472 in
943 406 1071 494 publico
1080 408 1270 494 adsectabar,

211 489 292 557 mira
300 489 473 553 studiorum
483 486 664 573 cupiditate,
676 500 707 553 et
715 426 853 574 qiidam
863 490 974 557 ardore
979 493 1123 580 juvenili,
1134 512 1171 562 ut
1178 498 1284 566 tabu.

145 588 147 591 ’
211 573 257 639 las
270 597 396 661 quoque
407 593 518 640 eorum
531 584 563 635 et
576 571 801 657 disputationes
813 587 844 639 et
856 599 969 641 arcana
989 593 1114 653 semotae
1126 580 1272 658 ,dictionis

211 658 334 745 penitus
358 657 548 744 exciperem:
575 656 718 742 quamvis
737 659 872 746 maligue
895 660 1035 749 plerique
1056 665 1271 750 opinarentur,

211 765 268 809 uec
288 742 434 813 Secundo
452 755 634 829 promptum
657 764 721 807 esse
740 766 922 825 sermonem,
944 761 976 813 ot
996 748 1122 849 Aprum
1142 751 1270 839 iugenio

212 828 316 915 petius
330 840 362 898 et
380 827 413 891 vi
433 838 566 905 naturae,
580 848 675 914 quam
695 826 890 895 institutione
905 845 938 897 et
957 832 1064 913 litens,
1078 835 1194 901 famam
1207 836 1271 903 elo·

210 914 348 998 quentia
362 924 572 977 consecutum.
613 913 697 975 Nam
712 926 743 977 et
764 916 908 981 Secundo
922 940 1023 1002 purus
1034 931 1067 985 et
1078 943 1212 1006 pressus,
1226 936 1270 1003 et,

212 996 245 1061 in
259 1010 414 1084 quantum
428 996 501 1061 satis
518 1010 595 1075 erat,
613 996 772 1083 profluens
790 1020 890 1063 sermo
906 1024 968 1067 non
982 1001 1101 1069 defuit:
1122 1020 1155 1071 et
1167 1009 1269 1093 Aper,

209 1083 369 1147 communi
377 1081 548 1147 eruditione
558 1081 699 1159 inbutus,
710 1086 925 1151 contemnebat
935 1087 1040 1173 potius
1049 1088 1163 1169 literas,
1197 1113 1271 1162 uam

211 1167 375 1247 nesciebat,
384 1180 544 1254 tamquam
553 1167 703 1254 majorem
711 1166 873 1234 industrie
882 1187 914 1236 et
923 1170 1036 1238 laboris
1044 1173 1175 1260 gloriam
1206 1176 1272 1241 abi·

213 1264 313 1329 turus,
337 1253 363 1317 si
378 1252 538 1339 ingenium
557 1252 625 1349 q'us
641 1250 735 1317 nullis
751 1252 921 1320 alienarum
941 1257 1056 1321 artium
1077 1258 1272 1333 adminiculis

212 1336 303 1408 inniti
320 1338 485 1401 videretur.
529 1336 642 1421 Igitur,
661 1350 699 1403 ut
719 1338 903 1405 intravimus
920 1341 1100 1408 cubiculum
1112 1345 1271 1429 {Materni

211 1420 370 1487 sedentem
390 1422 504 1507 ipsum,
529 1433 570 1499 et,
597 1444 691 1507 quem
712 1422 813 1509 pridie
837 1424 1028 1507 recitaverat,
1050 1427 1166 1493 librum
1189 1429 1272 1495 intra

213 1527 326 1571 manus
337 1507 512 1585 habentem,
527 1504 566 1569 de
590 1506 799 1574 rehendimus.
1242 1536 1245 1547 ·

256 1591 323 1662 111.
347 1594 434 1655 Tum
450 1594 551 1657 Secun
575 1614 632 1657 us:
655 1591 751 1657 Nilne
772 1607 815 1673 te,
837 1594 952 1681 inquit,
974 1596 1130 1676 Materne,
1154 1597 1273 1669 fabule
1359 1576 1362 1579 ⁴
1467 1645 1472 1661 .

107 1744 109 1751 .
213 1675 419 1775 malignorum
442 1688 654 1762 terrentque
678 1677 782 1742 minus
804 1678 935 1745 offensas
951 1680 1079 1745 Catonis
1096 1681 1144 1747 tui
1162 1686 1269 1748 ames?

213 1759 270 1840 An
292 1760 363 1825 rdeo
386 1760 502 1825 librum
524 1760 620 1826 istum
644 1761 886 1847 adprehendisti,
911 1778 949 1831 ut
972 1765 1153 1853 diligentius
1175 1780 1272 1833 retra-

213 1859 323 1921 oteres,
345 1855 377 1907 et
401 1844 541 1921 sublatis,
567 1844 593 1907 ei
617 1868 690 1929 quae
711 1868 840 1931 pravam
862 1850 1087 1935 interpretandi
1110 1852 1272 1915 materiam

212 1928 379 2007 dederunt,
404 1928 559 2003 emitteres
584 1930 746 2007 Catonem,
776 1952 840 1991 non
864 1932 993 2015 quidem
1019 1931 1189 2013 meliorem,
1217 1932 1272 2007 aed

212 2028 319 2079 tamen
333 2012 540 2077 seomiorem?

258 2101 345 2163 Tum
359 2097 422 2175 ille,
438 2097 542 2194 Leges
554 2107 602 2175 tu,
616 2096 695 2181 quid
715 2098 880 2161 Maternus
893 2097 952 2161 sibi
966 2098 1120 2179 debuerit,
1134 2116 1166 2167 et
1178 2125 1274 2189 agno·
1341 2136 1347 2149 ·

215 2206 289 2262 sees,
304 2206 377 2271 quae
391 2182 528 2255 audien.
554 2181 652 2259 Quod
666 2180 691 2248 si
705 2204 770 2267 qua
790 2181 893 2247 omisit
908 2184 998 2263 Cato,
1012 2186 1153 2271 sequenti
1166 2187 1276 2254 recita·

215 2270 297 2335 tione
313 2269 469 2365 Thyestes
482 2266 573 2330 dicet.
617 2268 711 2330 Hanc
721 2266 804 2329 enim
813 2266 997 2353 tragoediam
1008 2268 1148 2355 disposui
1152 2273 1232 2359 jam,
1242 2289 1275 2337 et

214 2354 296 2419 intra
308 2375 359 2417 me
372 2375 439 2438 rpse
451 2350 589 2416 formavi.
632 2356 742 2437 Atque
761 2349 831 2414 ideo
845 2367 1001 2417 maturare
1013 2353 1085 2417 libri
1098 2356 1197 2441 hujus
1210 2356 1274 2421 edi-

165 2510 169 2519 ,
215 2439 330 2503 tionem
344 2436 467 2515 festino,
481 2448 529 2515 ut,
552 2434 677 2499 dimissa
691 2434 793 2521 priore
809 2459 894 2517 cura,
908 2458 997 2501 novoe
1011 2438 1188 2523 cogitationi
1209 2454 1274 2507 toto

215 2536 338 2610 pectore
351 2520 541 2587 incumbam.
1049 2524 1053 2529 ’

248 2721 281 2767 In
288 2720 413 2783 quantam]
423 2716 488 2765 Vett.
495 2712 546 2763 edd.
553 2714 647 2763 maleta
654 2730 728 2777 quem.
760 2716 817 2765 liber
827 2718 897 2781 longe
902 2716 975 2773 aliter,
983 2718 1066 2779 Leges,
1078 2718 1135 2780 quid
1145 2720 1276 2767 Maternae

127 2774 136 2779 ’
216 2782 291 2831 Euri.
310 2780 502 2831 Rhencorrexit
519 2778 729 2831 StenosterGerm.
761 2782 1120 2845 ntidebmrttetagrroeceretc.
1138 2781 1215 2830 Inre-
1236 2781 1277 2831 su

216 2851 257 2897 45.
267 2846 337 2894 hebet
348 2848 373 2893 tn
381 2853 481 2905 tantem,
491 2852 514 2891 et
521 2843 554 2891 A.
565 2846 602 2903 15,
615 2844 730 2907 replere
761 2844 865 2905 ense.
872 2845 927 2893 Vnt.
934 2845 994 2893 duo:
1002 2846 1069 2904 alius,
1076 2847 1277 2907 quterram

217 2913 346 2958 intantum
355 2910 457 2957 modum.
483 2905 521 2971 Cf.
531 2915 554 2955 et
562 2906 730 2957 Ruhnkemed
761 2908 834 2957 Eas.
865 2908 912 2957 lid.
927 2925 962 2971 pr.
973 2909 1036 2973 Spir.
1046 2910 1123 2971 leger.-
1143 2910 1276 2971 tequidem

217 2973 303 3024 Vellei.
316 2974 337 3033 l,
348 2980 372 3027 9·
763 2974 1204 3035 Maemmtetaetueraeergnorces.
1224 2972 1275 3019 Pu·

250 3040 318 3099 Aper
336 3038 453 3085 sommant
469 3036 600 3099 eruditione
617 3034 729 3097 imbrum]
763 3036 816 3084 teol.
827 3036 882 3083 inde
897 3036 958 3094 tecit,
975 3038 1036 3096 leger
1049 3042 1076 3082 tu
1093 3037 1193 3097 quidem,
1205 3036 1226 3081 et
1237 3049 1277 3081 vo·

218 3102 286 3151 Male
307 3102 386 3165 vulgo,
409 3116 463 3147 rem
483 3100 622 3149 eruditione.
653 3098 730 3147 Irrrs.
764 3101 844 3147 laerte.
872 3101 969 3147 Secutus
982 3107 1017 3145 est
1032 3098 1170 3151 Beroaldus,
1181 3096 1277 3160 Lipsius

219 3164 358 3215 Communis
369 3164 465 3213 eruditio
471 3162 731 3225 dicitrrrdedisriplinis,
764 3176 864 3226 quoque,
878 3162 921 3228 qui
938 3170 1016 3209 tameo
1031 3161 1056 3209 in
1074 3161 1110 3209 etl'.
1128 3162 1199 3217 1674.
1216 3160 1277 3210 hane

219 3230 305 3295 quihus
319 3229 425 3276 neena
440 3227 546 3275 rantra
561 3226 732 3289 vurgoimbue-
764 3227 886 3275 leaenam
903 3226 1006 3288 quarm
1020 3225 1116 3287 iuriae
1149 3224 1278 3275 mmmm
1384 3263 1389 3286 ,

220 3296 312 3343 bantur.
344 3292 418 3340 Eure.
451 3292 578 3341 Communi
593 3288 732 3339 aRhenauo
764 3298 900 3339 succurram
919 3289 1026 3338 Vaticani
1045 3298 1068 3337 et
1084 3290 1278 3350 Panaenum·

220 3366 263 3406 est.
295 3356 378 3405 uetus.
400 3354 534 3419 conjiciebat
556 3356 622 3402 corni.
662 3354 732 3403 Acid.
765 3353 976 3419 Lipsioinspertua
999 3353 1278 3417 Horumegolaetionem

219 3424 293 3469 emm.
764 3418 866 3465 ratimo.
902 3418 1027 3481 Nupcrum
1043 3420 1113 3467 mam
1128 3418 1278 3481 interpretem

253 3486 372 3533 Sedeetem
382 3486 469 3547 ipram,
482 3484 562 3546 quem]
579 3481 681 3531 Roman.
696 3496 735 3529 oo·
766 3480 864 3529 Gallum
874 3480 950 3529 Taciti
961 3480 1057 3530 Dureau
1065 3483 1094 3531 de
1101 3482 1207 3530 Lamalle
1218 3497 1278 3543 prte-

220 3550 302 3614 pulam
311 3542 565 3609 additetquem,recte
588 3544 663 3593 Inrs.
686 3544 735 3593 Re·
767 3545 953 3593 miserantem
966 3545 1068 3595 videoet
1082 3547 1221 3595 inversione
1236 3560 1279 3595 sua

220 3614 401 3677 oepitPicbena.
433 3612 505 3659 Ean.
767 3609 909 3674 expressisse·
1269 3636 1272 3641 ·

255 3673 603 3739 OffenserCetmtr'tntemeei]
613 3672 737 3735 Perspicue
800 3673 907 3734 Sequenti
924 3674 1072 3743 tractatione]
1088 3673 1203 3731 Fortasse,
1219 3671 1279 3718 recl·
1333 3706 1336 3713 ·

221 3754 310 3789 verum.
332 3740 508 3803 Volgqaurer.
532 3738 606 3785 Iure.
627 3734 734 3799 Egregie.
767 3739 860 3785 tattone.
890 3738 947 3799 lpse
957 3738 1081 3787 Maternus
1090 3739 1164 3785 intrat
1184 3737 1278 3783 nesta.

221 3802 330 3853 Antehac
341 3802 419 3853 Rhen.
435 3802 568 3863 mnjiciebat
584 3800 684 3863 effendas
699 3800 736 3849 vel
768 3803 830 3849 tione
846 3802 1013 3863 tragediarum
1040 3818 1118 3850 eneam
1133 3816 1157 3847 re
1172 3800 1279 3859 cumira-

221 3872 314 3929 qffemes
328 3870 484 3917 ateteurm.
769 3865 871 3913 temnit.
905 3864 980 3913 Irrrs.
1040 3862 1278 3915 uaecetinrtss.

245 3930 606 3993 Luremteemappretendnet
626 3925 738 3975 Aliilibri
769 3928 889 3978 Vnt-enm
903 3925 1005 3978 Broterio
1015 3929 1096 3991 recepi.
1129 3926 1202 3974 Ean.

223 3994 573 4060 (emeremni->deprecemini
613 4007 651 4056 go,
658 4007 737 4055 repre·
796 3992 905 4057 Festino]
914 3994 992 4053 Forte,
996 3994 1079 4055 gertto.
1096 3990 1280 4041 (tremuere.

222 4059 423 4123 hendtrttpropria
431 4057 595 4122 ugnificreone
605 4057 676 4117 hujus
687 4072 737 4105 ver-
768 4057 815 4105 levi
824 4059 951 4105 mutatione
964 4057 1021 4118 legit
1030 4056 1129 4113 deatum,
1140 4056 1280 4119 quonilva·
1313 4087 1316 4090 ,

223 4124 257 4173 bi.
274 4124 351 4173 ers.
361 4120 738 4186 Appremmerrestalthenano.
769 4121 825 4169 rius.
857 4121 977 4170 SicOvid.
994 4119 1054 4167 Met.
1071 4122 1095 4178 8,
1114 4120 1280 4175 157.desttrmt

225 4186 299 4237 Ean.
322 4188 431 4237 schulze
441 4185 525 4249 recepit
535 4185 711 4247 mprelmndtrti.
769 4200 895 4234 removere.
927 4184 1194 4245 emereamur
1205 4190 1281 4232 retro·

255 4253 364 4315 regestu
373 4246 625 4315 quidmstumueris]
636 4248 739 4311 Scriptus
770 4255 840 4297 ctare
873 4247 1120 4311 RecepitetSchulse
1255 4242 1259 4256 ‘
