3034 4967
237 247 275 305 so
318 194 324 206 ⁸
596 242 652 302 un
675 230 940 310 ostiosi-sos

237 405 465 494 compositionis
482 403 585 484 decor,
602 427 638 469 ea
658 407 878 472 sententiarum
893 404 1044 494 plenitas3
1060 408 1105 472 sio
1125 408 1306 497 exprimitis:

239 493 390 569 adlectus
406 489 449 554 sio
462 489 636 556 libertatem
651 493 840 578 temperatis,
856 506 904 572 ut,
915 492 1008 556 etiam
1021 492 1048 558 ἀ
1061 506 1167 559 nostra
1177 493 1306 582 judicia

239 577 415 663 malignitas
429 585 460 638 et
478 574 596 638 invidia
612 575 792 656 tardaverit,
811 599 921 640 verum
938 577 979 641 de
999 578 1089 643 vobis
1100 578 1215 643 dicturi
1236 579 1309 644 sint·

241 661 355 750 posteri
369 660 473 724 nostri.
694 713 698 719 .

283 747 414 811 XXIV.
431 747 510 822 Quae
523 767 595 809 cum
612 748 701 830 Aper
710 746 848 825 dixisset,
865 749 1092 834 Adgnoscitisne,
1108 748 1211 834 inquit
1225 751 1298 812 Ma-

240 847 359 910 ternus,
374 831 437 894 vim
448 841 479 893 et
494 831 675 895 ardoremA
702 830 727 893 ri
738 833 860 896 nostri?
875 857 940 919 quo
955 845 1099 912 torrente,
1110 857 1176 932 quo
1188 834 1299 921 inpetu

241 916 388 981 saeculum
409 927 549 980 nostrum
570 915 661 978 defen
684 916 730 978 it!
754 939 850 1002 quam
871 919 993 1004 copiose
1014 943 1051 983 ao
1071 942 1155 983 vane
1174 919 1323 982 vexavit..

242 1002 407 1100 antiquos!
431 1013 549 1084 quanto
574 1020 635 1063 non
656 999 755 1063 solum
777 1002 901 1088 ingenio
921 1027 957 1068 ac
982 1004 1104 1090 spiritu,
1128 1003 1183 1067 sed
1205 1004 1297 1067 etiarn

243 1087 415 1172 eruditione
430 1101 461 1148 et
475 1099 552 1162 arte,
568 1085 608 1148 ab
621 1085 696 1169 ipsis
715 1099 878 1151 mutuatus
892 1101 948 1166 est,
969 1111 1110 1175 per-quar
1129 1111 1203 1152 mox
1216 1088 1299 1175 ipsos
1321 1126 1329 1146 .-

217 1173 430 1240 .incesseretl
448 1169 559 1233 Tuum
570 1183 683 1246 tamen,
700 1172 846 1250 Messala,
857 1173 1042 1259 promissum
1057 1175 1226 1237 inmutasse
1235 1194 1299 1236 non

243 1257 356 1321 debes:
387 1277 489 1340 neque
517 1255 599 1319 enirn
625 1255 801 1322 defensores
826 1258 890 1321 anti
913 1281 1025 1324 uorum
1049 1257 1213 1344 exigimus,
1243 1279 1309 1322 neo
1356 1313 1360 1320 .

243 1363 433 1430 quemquam
455 1353 606 1418 nostrum,
628 1363 819 1427 quamquam
841 1282 935 1406 modo
957 1342 1077 1408 laudati
1101 1365 1220 1420 sumus,
1238 1342 1310 1419 his,
1337 1395 1356 1403 >⁴

244 1450 324 1513 quos
337 1425 504 1490 insectatus
517 1438 563 1488 est
574 1427 675 1512 Aper,
689 1449 923 1512 comparamus:
938 1451 1024 1492 acne
1037 1429 1104 1515 ipse
1114 1427 1242 1512 quidem
1257 1427 1309 1490 ita:

244 1511 356 1586 sentit;
373 1510 427 1574 sed
441 1533 526 1573 more
539 1510 645 1588 veteri,
663 1523 694 1574 et
713 1511 789 1575 alias
802 1512 911 1576 vestris
923 1512 1115 1599 philosophis
1128 1535 1210 1598 saepe
1223 1512 1301 1575 cele-

244 1598 345 1672 brato,
373 1594 503 1681 sumpsit
529 1595 587 1659 sibi
608 1596 835 1659 contradicendi
859 1610 970 1682 partes.
1016 1599 1070 1662 Ex
1093 1619 1179 1661 rome
1197 1597 1298 1674 nobis,

244 1704 308 1746 non
329 1680 537 1744 laudationem
551 1681 771 1766 antiquorum
794 1681 867 1744 satis
879 1681 959 1745 enim
976 1681 1046 1745 illos
1064 1621 1148 1746 lima
1161 1681 1299 1745 sua-*lau-
1326 1716 1330 1722 ·

245 1767 319 1840 dat3
343 1764 398 1830 sed
412 1789 544 1844 caussae,
560 1788 616 1829 cur
635 1766 805 1828 intantum
819 1767 866 1830 ab'
881 1765 1057 1852 eloquentis
1078 1787 1186 1831 eorum
1204 1785 1300 1830 reses-

246 1852 396 1925 serimus;
420 1873 492 1915 curn
512 1851 682 1938 praesertim
704 1859 832 1936 centum
850 1863 886 1914 et·
898 1852 970 1914 XX
992 1875 1089 1918 annos
1107 1852 1148 1916 eb
1171 1852 1309 1915 interitu

247 1937 404 2000 Ciceronis
418 1937 450 1999 in
463 1937 547 1999 hune
561 1936 642 2000 diem
658 1935 736 1999 effici
750 1936 829 2001 ratio
844 1946 1019 2022 temporum
1033 1937 1208 2023 conlegerit.

289 2019 404 2085 XXV.
428 2023 514 2084 Tum
531 2021 682 2096 Messalo3
709 2021 830 2104 Sequar
844 2045 863 2084 a
881 2034 912 2085 te
930 2023 1142 2107 praescriptam
1156 2023 1298 2096 formam,

246 2111 402 2183 Materne,
419 2103 614 2188 nequeenim
633 2103 688 2166 diu
704 2105 976 2170 contradicendum
991 2119 1038 2170 est
1051 2109 1153 2192 Apro,
1168 2109 1224 2190 qui
1238 2106 1301 2191 pri-

245 2214 344 2268 mum,
359 2201 396 2252 ut
411 2190 530 2284 opinor,
546 2187 678 2254 nominis
692 2192 928 2254 controversiam
951 2190 1058 2267 movit,
1073 2201 1233 2274 tamquam
1247 2213 1303 2275 pa-

245 2298 316 2338 rum
338 2295 472 2359 propne
484 2271 604 2357 antiqui
618 2287 813 2353 vocarentur,
828 2298 907 2361 quos
926 2275 998 2338 satis
1011 2287 1130 2338 constat
1144 2287 1216 2337 ante
1230 2297 1302 2338 oen·

246 2372 426 2423 tumannos
440 2357 544 2423 fuisse.
589 2357 672 2422 Mihi
692 2372 796 2424 autern
812 2361 851 2423 de
866 2359 1016 2425 vocabulo
1060 2381 1145 2446 ugna
1158 2381 1221 2422 non
1234 2372 1299 2423 est:

146 2491 148 2494 -
247 2446 311 2508 sive
331 2443 399 2509 illos
421 2442 576 2528 antiquos
600 2443 662 2506 sive
684 2446 827 2532 majores,
845 2446 909 2508 sive
928 2467 993 2541 quo
1017 2383 1079 2507 alio
1102 2444 1223 2523 mavult
1247 2467 1302 2509 no-

246 2531 339 2614 mine,
359 2526 510 2613 adpellet:
534 2527 706 2592 dummodo
725 2531 757 2592 in
772 2528 911 2593 confesso
925 2543 975 2605 sit,
990 2529 1221 2594 eminentiorem
1235 2528 1307 2593 illo--

199 2621 204 2628 '
247 2637 316 2678 rum
344 2625 520 2698 temporum
536 2611 749 2699 eloquentiam
771 2613 873 2677 fuisse.
921 2615 972 2676 Ne
997 2614 1041 2677 illi
1066 2613 1195 2701 quidem
1215 2615 1301 2702 'parti

280 2767 454 2813 Sententiarum
459 2764 575 2826 plectitor]
588 2762 756 2809 Nescioanso·
789 2748 838 2806 sine
852 2773 880 2822 pr
942 2760 1018 2808 'tione
1052 2762 1119 2810 Idem
1132 2763 1249 2829 placuerat
1260 2759 1302 2808 Pi-

248 2832 318 2876 tettae.
344 2829 419 2876 Inrs.
448 2825 538 2874 Addidi
552 2841 578 2873 cc
594 2825 685 2873 exedd.
704 2831 757 2871 vett.
789 2823 857 2869 theo.
925 2824 1163 2874 SS.Vat.habentet
1179 2839 1194 2870 o
1211 2827 1303 2873 were.

247 2903 271 2941 et
281 2891 354 2940 MSS.
367 2892 421 2940 Vat.
428 2891 469 2954 qui
480 2899 503 2938 et
513 2889 602 2938 addunt
612 2896 653 2936 ert.
683 2887 758 2950 Lipsii
789 2887 861 2934 Ean.

247 2958 400 3018 conjecturam
410 2970 488 3002 veram
499 2961 563 3018 puto,
595 2953 665 3000 Etru.
699 2953 759 2998 Plo-
824 2953 1016 3013 Eeprlntenolls
1045 2955 1167 3014 Exprome
1180 2951 1311 3001 Acidinus·

248 3020 438 3080 rellaseQuinct.
449 3018 535 3066 firmari
550 3023 630 3081 potest.
661 3014 687 3061 Is
699 3018 723 3075 8,
736 3017 759 3061 5.
791 3014 907 3072 malebat3
925 3016 1014 3079 quodp
1112 3016 1151 3064 Sic
1162 3015 1234 3064 MSS,
1245 3015 1302 3064 Vat.

249 3089 289 3134 29.
300 3086 340 3132 its.
372 3087 429 3141 Quae
440 3085 527 3130 crebris
532 3082 660 3144 parvisque
671 3082 767 3126 conell·
791 3079 838 3126 Ed.
845 3095 881 3143 pr.
886 3083 999 3142 exprimo.
1012 3079 1106 3130 &usses
1113 3079 1304 3143 nonexprimun·

249 3152 290 3196 bees
306 3164 330 3196 sc
349 3150 470 3206 adtollunt,
488 3145 612 3206 lnoequolla
629 3149 720 3190 lenirem
738 3150 761 3189 et
794 3144 1073 3208 tur,red‘expromuumr.
1107 3146 1179 3193 Eun.

249 3214 463 3274 nelutconsrogoso,
475 3208 760 3257 necodmlruliooemcon·
826 3210 886 3256 Crem
897 3208 1040 3274 praewrtlm]
1057 3207 1152 3272 Frigido
1167 3208 1225 3256 ratio
1243 3208 1311 3256 hec:

249 3271 760 3338 sequuntureminentium,etplenoeumgro-
794 3271 958 3321 Sedexoidisse
968 3272 1167 3321 videturlootum.
1200 3269 1310 3321 ccccm

250 3343 309 3388 llam
315 3341 425 3402 perdunt.
458 3335 588 3396 Schultmg.
603 3333 670 3380 malit
677 3338 759 3395 grevi-
793 3343 817 3382 et
826 3335 877 3384 XX
887 3337 957 3385 modo
967 3337 1022 3384 anni
1032 3345 1096 3396 sunt,
1106 3345 1130 3385 et
1139 3345 1217 3384 tamen
1227 3343 1304 3382 teuto·

250 3412 303 3452 tos.-
320 3403 375 3467 Bip.
388 3406 497 3466 pluriam,
509 3406 536 3445 ut
552 3399 620 3461 plena
630 3397 659 3444 sit
670 3408 759 3446 senten·
792 3415 845 3462 pere
860 3400 983 3449 immutata
999 3409 1033 3449 est
1048 3401 1139 3450 dicendi
1154 3399 1218 3448 ratio.
1250 3399 1306 3447 Nee

249 3469 283 3516 tia
292 3469 392 3532 perfecta
402 3477 424 3514 et
435 3463 511 3528 gravis
518 3470 540 3510 et
548 3469 677 3524 opponatur
682 3471 761 3511 curte.
792 3463 860 3511 valde
874 3465 949 3526 placet
960 3467 1021 3512 rollo
1034 3469 1164 3526 temporum
1178 3465 1305 3525 collegerit.

250 3533 324 3586 Favet
343 3533 399 3592 Bip.
416 3527 479 3593 quod
497 3543 516 3575 c.
535 3531 573 3574 25.
590 3527 683 3586 pleolor
705 3526 761 3574 dici.
793 3525 833 3574 An
855 3531 944 3576 ratione
965 3537 1096 3591 temporum
1116 3529 1241 3589 collegerit,
1268 3541 1303 3576 tc.

250 3606 290 3644 tur
305 3611 353 3644 esse
374 3595 468 3642 Cicero:
493 3590 589 3654 ideoque
605 3589 760 3654 recipiendum
793 3591 866 3654 Aper.
901 3589 1304 3654 Sicetaliosoonjecisse,Broterius

250 3668 315 3723 puto.
352 3658 413 3705 Mox
428 3655 463 3703 ed.
480 3662 524 3703 vet
543 3655 639 3702 loturi:
658 3654 762 3702 contexit
794 3655 870 3704 tradit.
909 3657 979 3704 Bru.
1019 3659 1167 3715 Abstractum
1185 3669 1229 3719 pro
1247 3670 1302 3702 con·

251 3723 353 3788 Ilipsius.
794 3729 862 3775 creto,
872 3721 887 3768 i.
898 3737 918 3768 e.
930 3721 995 3784 Aper
1005 3736 1048 3784 ope
1055 3719 1148 3767 rationis
1155 3726 1287 3782 temporum
1294 3736 1310 3783 r¹

283 3789 433 3835 Promissum
456 3783 603 3847 immutasse]
626 3783 711 3832 Vereor
734 3799 764 3832 ne
796 3786 896 3832 benetie
906 3785 962 3848 Bip.
993 3784 1162 3848 Respiceade.
1175 3784 1213 3838 17.
1306 3791 1311 3799 '

251 3867 331 3900 varum
343 3850 380 3908 sit,
398 3855 504 3895 mutasse.
537 3847 591 3895 Ter'.
603 3848 679 3895 Andr.
699 3851 721 3907 l,
741 3854 763 3907 l,
827 3849 1131 3896 Nmninlscontroverslam
1146 3850 1230 3906 moult,
1244 3849 1303 3911 eta]

254 3920 292 3964 13.
303 3915 366 3961 houd
375 3913 468 3975 mutos.
483 3913 558 3977 prima
568 3912 657 3974 syllaba
668 3913 765 3958 adhesit
796 3911 855 3960 Hac
865 3912 1048 3976 stigmatevulgo
1055 3913 1141 3970 inusto,
1152 3927 1194 3959 nos
1204 3909 1310 3973 dempsi.'

252 3975 660 4041 eterminationepreoedentisverbi.
689 3975 768 4024 Eun.⁴
794 3991 848 4022 mus
862 3974 1005 4036 etduimus,
1020 3975 1196 4039 adjutialibro.
1227 3972 1309 4023 lues.

253 4044 299 4092 Sed
310 4041 425 4092 eddvett.
438 4044 687 4091 habentltemnlosse.
720 4040 763 4087 Li·
796 4039 826 4086 In
837 4050 882 4088 vet.
898 4041 952 4089 edit.
967 4041 1051 4102 legitur
1066 4040 1204 4095 morteuil,
1220 4037 1311 4086 heunu'

252 4107 428 4170 psiusmutavit.
445 4103 764 4155 MoxAcidbenenostrum.
795 4103 938 4154 intermedio.
980 4104 1071 4168 Paullo
1084 4111 1138 4152 ante
1158 4101 1248 4150 He'um.
1262 4101 1319 4149 (1ο-Ι

253 4172 536 4233 Legebaturnostrorum.
794 4168 829 4215 dit
840 4172 943 4230 primur.
977 4168 1039 4218 Mox
1050 4167 1116 4217 Mur.
1133 4171 1196 4216 lutra
1212 4171 1305 4214 centum

286 4237 321 4281 Et
331 4237 385 4280 ultis
396 4233 490 4298 nestris]
502 4235 541 4280 Ex
552 4235 622 4283 veteri
630 4235 692 4296 logo,
703 4233 763 4279 ellos
795 4247 873 4282 oenoe.

253 4300 365 4346 ancoris.
394 4297 469 4346 Lres.
497 4297 594 4362 Recepit
604 4298 713 4356 ridens,
722 4296 763 4345 sed
