3034 4967
312 271 343 334 J.
362 269 484 334 LIPSII
506 267 728 330 EXCURSUS
750 271 811 329 AD
833 269 992 332 ANNAL.
1013 273 1092 336 LIB.
1111 273 1199 334 XIII.
1238 279 1292 335 165

740 437 775 493 Β.

643 594 736 662 cAP.
757 593 869 657 XXIX.

258 754 348 812 Omns
364 754 466 814 aerario
480 752 629 831 praepositi
645 755 834 819 Quaestores:
857 764 970 813 notum.
989 755 1102 816 Caussa
1114 754 1288 815 immutandi

216 833 271 890 sub
292 831 374 891 Julio
397 833 515 892 Caesare
536 843 601 890 orta
621 851 647 892 a.
668 853 697 892 u.
718 834 785 895 709.
825 832 903 896 Quia
926 832 1004 892 enim
1026 834 1149 893 absente
1172 835 1289 894 eme

116 949 118 954 -
217 913 384 978 Quaestores
405 911 498 968 creati
518 910 601 980 nulli,
622 910 715 972 oerarii
738 929 811 968 cura
828 910 977 972 AEdilibus
998 912 1114 972 duobus
1134 913 1290 974 commissa

216 1000 261 1049 est
275 1017 282 1050 ι
306 1008 364 1048 nec
377 990 464 1049 rediit
477 990 607 1067 postilla
620 989 659 1051 ad
672 991 849 1055 Quaestores.
879 989 941 1050 Dio
954 990 1065 1050 diserte
1078 1003 1162 1052 notat
1173 997 1224 1062 43,
1237 997 1288 1054 48.

216 1069 328 1127 AEdiles
339 1087 411 1146 ergo
422 1068 572 1147 praefuisse
582 1068 719 1138 videntur
732 1068 896 1141 (nonenim
909 1069 1141 1131 immutationem
1155 1072 1286 1150 reperio)

216 1167 269 1226 per
283 1167 375 1206 annos
389 1147 451 1206 fere
466 1149 570 1206 decem
585 1160 615 1206 et
629 1159 754 1226 septem,
769 1147 865 1206 donec
880 1148 1036 1226 Augustus
1051 1148 1205 1210 Praetorias
1217 1152 1288 1211 sub·

215 1226 320 1289 stituit.
360 1225 484 1298 Factum
505 1246 531 1292 a.
547 1230 614 1292 726.
654 1227 715 1297 Dio
734 1231 785 1293 53,
807 1231 836 1286 2.
875 1225 940 1294 Καὶ.
958 1227 1048 1306 ἐπειδὴ
1069 1228 1226 1308 χρημάτων
1245 1230 1290 1311 τῷ
1357 1238 1359 1243 ’

218 1303 338 1385 duruerint
348 1303 634 1383 {dinaruilarcicard
647 1324 710 1365 rara
720 1305 768 1366 uui
777 1303 972 1386 ilumrudrai
986 1306 1148 1386 πρὸςαετήν
1159 1306 1289 1388 διοίκησιν

218 1384 305 1463 σφῶν,
318 1367 361 1444 iu'o
372 1391 434 1446 uua*
448 1383 506 1454 ἔτος
521 1385 553 1444 ἐκ
566 1383 620 1444 raia
634 1383 883 1464 ἐατρανηγηνιανων
894 1386 925 1446 ai
940 1385 1188 1449 enuntiatum.
1209 1389 1286 1448 Suc·

216 1464 315 1522 tonins
328 1469 376 1524 36.
417 1465 531 1524 Auctor
539 1464 618 1542 fuit,
633 1474 665 1524 ut
677 1485 746 1524 cura
759 1465 860 1524 aerarii
872 1486 891 1524 a
908 1408 1104 1533 donatoribus
1116 1466 1234 1527 urbanis
1247 1469 1289 1528 ad

216 1543 375 1604 Pretorius
388 1544 568 1604 Praetaresac
580 1545 724 1604 transiret.
744 1543 867 1602 Tacitus
880 1543 940 1605 hic.
960 1545 1034 1605 Ideo
1047 1545 1077 1605 in
1090 1547 1287 1606 monumentis

217 1622 247 1678 id
261 1622 315 1682 aevi
335 1621 522 1702 historiisque
537 1624 682 1682 Praetores
702 1623 796 1681 aerarii
814 1622 948 1702 inscripti
967 1625 1084 1702 passim.
1123 1625 1235 1684 Mansit
1247 1627 1287 1685 ad

218 1701 386 1770 Claudium,
404 1702 455 1780 qni
473 1721 570 1762 curam
584 1703 683 1762 cerarii
701 1703 823 1762 Saturni
838 1701 1031 1769 Quaestorilus
1050 1704 1188 1776 reddidit,
1201 1726 1286 1783 quam

214 1779 307 1839 medio
317 1792 437 1860 tempore
448 1782 597 1842 Praetarea
607 1790 657 1839 aut
667 1781 763 1858 utique
770 1780 910 1842 Proetura
917 1783 1027 1862 juncti
1035 1783 1235 1853 sustinuerant,
1244 1786 1287 1844 ait

217 1858 339 1916 Sueton.
350 1878 376 1917 c.
387 1863 435 1918 24.
455 1859 503 1918 Ita
511 1872 620 1928 tamen,
630 1872 663 1918 ut
672 1861 800 1928 honores
810 1859 845 1918 iis
855 1870 942 1920 extra
949 1861 1082 1919 ordinem
1092 1861 1288 1939 permitteret,

216 1936 258 1996 ait
273 1936 406 2007 Tacitus,
421 1958 456 1996 ne
468 1951 544 1998 metu
559 1938 741 2018 ‹ffasianum
761 1937 875 2015 segnius
888 1936 1072 1998 consulerent.
1115 1940 1212 2004 Quem
1226 1941 1287 2001 Dio

214 2015 356 2093 explicat,
366 2017 396 2074 in
406 2017 531 2076 Claudio
541 2022 591 2087 60,
602 2021 650 2076 24.
670 2015 739 2084 Τοῦς
754 2014 928 2114 στρατηγαύς
940 2016 1002 2086 τοὺς
1015 2016 1057 2078 ἐπὶ
1069 2018 1118 2094 τῆς
1131 2016 1287 2098 διοικήσεως

213 2095 392 2164 καταλύσας,
402 2094 542 2175 ταμνεὶαες
553 2094 724 2174 αύτήνααταὶ
733 2094 765 2154 ri
775 2100 896 2176 αρχαΐον
905 2095 1062 2174 ἐπέτρεψεν,
1073 2094 1140 2178 οὐχ’
1151 2095 1226 2159 ὥστε
1238 2099 1289 2161 καὶ

212 2175 336 2250 ἐτησίους
345 2175 420 2251 σφοῖς
431 2169 508 2250 (insa
516 2172 559 2234 iri
568 2192 598 2233 rs
608 2173 716 2236 ἐκείνων
723 2173 860 2253 πρότερον,
868 2174 916 2234 καὶ
924 2173 1032 2237 inistis
1043 2177 1208 2259 στρατηγῶν
1215 2180 1289 2259 μετὰ

214 2253 307 2314 caira
315 2250 455 2333 ἑγ1γεντο)
468 2249 502 2337 dp
532 2277 580 2322 ειν,
590 2252 658 2313 ἀλλ’
670 2255 691 2311 ai
702 2253 745 2316 dria
756 2256 779 2314 ci
788 2252 867 2314 adrui
877 2251 1002 2356 raiardus
1013 2252 1059 2332 irs,
1072 2253 1286 2338 αὐτὴνδνῴκουν,

214 2331 262 2392 καὶ
277 2334 299 2395 ai
312 2333 363 2412 μὲν
379 2277 549 2412 arparayidc
561 2331 644 2401 edistis
658 2331 833 2412 ἐλάμβανον,
845 2333 868 2392 ci
881 2333 909 2393 δε
921 2331 968 2394 nal
981 2333 1085 2414 μισθὸν
1098 2333 1203 2414 ἔφερον,
1217 2331 1288 2408 dunc

213 2411 280 2470 arari
294 2409 342 2472 uui
355 2409 449 2488 ἔδοξαν
463 2411 554 2490 ἄρξαι.
593 2414 731 2472 Honores
745 2431 817 2490 ergo
832 2423 918 2470 extra
930 2413 1063 2472 ordinem
1083 2414 1117 2471 iis
1131 2414 1203 2489 dati,
1217 2428 1287 2477 sunt

215 2490 367 2550 Praeturae.
399 2492 459 2550 Sed
472 2491 736 2570 ipsumimmutans
748 2509 863 2548 rursum
879 2491 970 2562 Nero,
984 2492 1071 2551 rediit
1084 2512 1143 2550 non
1156 2493 1196 2551 ad
1206 2495 1287 2558 Prae·

215 2581 295 2642 tores
311 2571 475 2646 (nonenim
494 2570 537 2628 ita
557 2569 696 2650 appellati
714 2569 854 2649 amplius)
867 2570 923 2634 sed
941 2570 981 2630 ad
995 2570 1166 2641 Praefectos,
1181 2592 1287 2651 quoae

216 2647 364 2708 Praetoriis
374 2649 474 2728 elegit.
496 2649 600 2728 Itaque
611 2648 691 2707 clare
702 2647 836 2717 Tacitus,
847 2647 984 2715 Praetura
1084 2660 1161 2710 udas
1172 2653 1285 2735 detegit,

215 2747 275 2786 non
290 2729 444 2789 Praetores.
465 2729 478 2790 1
482 2740 512 2788 ta
525 2729 603 2788 enim
616 2727 646 2786 in
660 2727 767 2786 Tacito
781 2728 1000 2804 corrigendum.
1048 2730 1171 2789 arbella
1184 2744 1284 2792 tamen

215 2805 360 2875 civilia,et
367 2807 504 2886 Principe
512 2807 714 2874 nulloRomae,
724 2807 830 2864 iterum
839 2807 983 2867 Praetores
993 2808 1123 2886 praefecti
1132 2809 1284 2872 videntur:

213 2884 368 2964 innuitque
376 2885 498 2946 Tacitus
508 2886 550 2944 H.
559 2891 589 2958 4,
601 2890 628 2948 9.
649 2886 797 2944 Praetores
807 2886 909 2947 erarii
918 2888 1287 2962 (aamtunraPrcetorc'dus

212 2965 391 3034 tractabatur
400 2966 547 3042 crarium)
558 2965 698 3045 publicam
707 2974 907 3055 paupertatem
917 2967 1017 3043 questi,
1028 2979 1082 3026 etc.
1103 2968 1195 3027 Insita
1207 2970 1285 3028 enim

210 3043 377 3112 ‚admonitio
390 3044 477 3104 facile
488 3043 627 3114 ostendit,
642 3043 722 3102 aliud
735 3043 826 3102 fussse
841 3043 948 3113 Taciti,
965 3045 996 3102 id
1010 3055 1064 3113 est,
1079 3044 1199 3122 Trajani
1212 3068 1285 3109 aevo.

216 3121 331 3194 Gellius
349 3128 395 3190 13,
410 3127 458 3184 24.
497 3123 676 3196 Praefectum
697 3123 837 3189 nominat,
854 3122 938 3192 Quod
948 3145 1005 3201 per
1022 3125 1196 3200 Quoestorcm
1209 3125 1284 3198 dici,

214 3200 321 3278 inquit,
333 3199 460 3280 intelligi
472 3223 546 3262 nunc
560 3211 669 3283 oportet
679 3203 848 3280 Praefectum
858 3203 963 3262 aerario
970 3231 980 3273 ,·
994 3224 1061 3262 nam
1073 3224 1141 3262 cura
1154 3205 1257 3267 ararit
1269 3231 1287 3268 a

217 3280 412 3348 Quoestoribas
429 3283 469 3340 ad
480 3283 640 3363 Praeefictos
654 3281 711 3358 (ita
724 3281 857 3357 legerim,
870 3301 928 3340 nan
941 3282 1131 3362 Prafictum)
1146 3283 1285 3346 translata

214 3368 265 3418 cst.
306 3359 461 3419 Praefuisse
483 3371 582 3420 autem
606 3380 657 3420 eos
679 3379 788 3418 censeo
811 3359 971 3431 biennium,
994 3380 1032 3422 ex
1053 3362 1111 3422 hac
1131 3365 1284 3425 sanctione

215 3437 360 3498 Neronis:
384 3452 466 3499 certe
480 3441 599 3520 quidem
619 3440 662 3499 ita
681 3449 829 3499 servatum
848 3440 904 3499 sub
922 3441 1060 3518 Trajano.
1100 3441 1211 3502 Plinius
1225 3445 1282 3504 Pa-

216 3536 320 3595 negyr.
331 3539 358 3576 c.
369 3523 418 3579 91.
429 3519 467 3578 de
480 3539 513 3578 se
524 3531 553 3578 et
569 3518 720 3577 Tertullo:
741 3516 878 3578 Nondum
891 3519 1032 3580 biennium
1047 3520 1247 3602 compleremus
1256 3525 1286 3585 r‘n

212 3596 305 3673 efficio
318 3595 535 3659 laboriosissima
549 3609 577 3658 et
591 3598 719 3666 maxima,
733 3617 796 3656 cum
810 3606 841 3656 tn
861 3599 941 3659 nadis
957 3600 1141 3661 Coruulatum
1153 3601 1287 3663 obtulisti.

212 3677 254 3733 Et
267 3677 365 3735 statim
380 3697 407 3736 c.
423 3681 472 3738 92.
514 3677 615 3748 Nabis,
627 3677 783 3757 Praefectis
798 3677 915 3748 aerario,
926 3679 1111 3741 Consulatum
1123 3691 1190 3740 ante
1202 3701 1287 3760 quam

214 3773 393 3815 sarcccssarem
408 3757 520 3817 dedisti.
543 3759 575 3817 In
587 3761 654 3834 jure
668 3756 774 3815 crebra
786 3757 897 3814 mentio
910 3758 1120 3818 Praefectorum
1135 3761 1238 3830 msarii,
1254 3773 1286 3819 ut

214 3831 234 3888 1.
249 3837 295 3891 12.
330 3835 379 3892 De
392 3834 437 3894 his
452 3857 518 3915 quae
533 3848 565 3895 ut
580 3835 716 3912 indignis.
730 3833 749 3892 1.
765 3838 809 3892 15.
821 3847 851 3893 et
865 3840 913 3896 42.
954 3837 1003 3896 De
1014 3841 1081 3916 jure
1094 3837 1168 3896 fisci.

737 4071 772 4130 C.

650 4231 741 4289 CAP.
761 4233 873 4291 XXXI.

256 4383 309 4442 An
330 4383 407 4447 lianc
426 4385 594 4446 vicesimam
614 4389 734 4448 Arriani
757 4389 878 4465 insignis
899 4389 982 4448 locus
995 4389 1121 4448 Dissert.
1135 4396 1166 4460 4,
1191 4396 1215 4448 1.
1255 4389 1288 4450 '0

216 4461 312 4533 δοῦλος
332 4460 417 4534 sidric
435 4463 550 4546 εὔχεται
573 4465 713 4546 ἀφεθῆναι
737 4468 892 4549 ἐλεύθερος.
911 4465 956 4528 διαὶ
975 4465 1019 4536 τίς
1044 4468 1154 4537 δοκεῖτε,
1174 4468 1214 4531 dn
1234 4473 1290 4539 acic
