3034 4967
482 220 484 226 ,
538 198 761 263 antonus.
782 203 867 263 aar.
891 206 936 281 rr.
1224 209 1260 269 ar

207 380 281 421 cum
295 360 389 425 audio
410 362 737 450 antiquos„quosdam
753 366 877 430 ¹vetere's
893 374 925 427 et
943 362 1017 428 olim
1039 376 1129 429 natos
1148 365 1260 433 intelli.

208 466 270 527 go;
295 469 330 509 ac
348 444 423 508 mihi
442 464 604 513 versantur
623 464 694 513 ante
707 450 812 514 oculos
827 448 957 535 Ulysses
979 462 1010 513 et
1028 450 1155 528 Nestor,
1180 476 1258 538 qno·

208 550 278 599 rum
304 541 378 594 aetas
401 530 484 595 mille
508 534 573 599 fere
598 547 630 597 et
654 536 709 598 CC
732 536 822 599 annis
842 532 991 615 saeculum
1010 549 1151 598 nostrum
1172 551 1258 603 ante·

207 612 311 677 cedit:
339 635 395 679 vos
420 631 525 682 autem
549 619 792 683 Demosthenem
817 632 848 682 et
876 617 1072 704 Hyperidem
1100 620 1256 703 profertis,

207 699 379 781 quassatis
404 714 522 767 constat
545 703 683 790 Philippi
704 716 736 768 et
756 703 930 781 Alexandri
951 702 1141 788 temporibus
1158 699 1258 771 'floru-

207 782 282 847 isse:
305 783 349 863 ita
361 797 477 863 tamen,
500 800 537 851 ut
552 788 676 873 utrique
695 788 874 874 superstites
890 799 998 871 essent,
1042 789 1105 873 Ειι1
1117 812 1180 875 quo
1200 791 1256 855 ad-

206 879 305 952 paret,
320 892 383 949 non
397 870 497 934 multo
515 871 629 957 plures,
653 896 747 958 quam
764 872 881 937 CCCC
895 895 992 935 annos
1012 871 1156 954 interesse
1174 872 1256 956 iuter

206 966 342 1047 nostram
372 966 402 1018 et
425 956 643 1021 Demosthenis
670 969 810 1021 aetatem:
834 957 921 1043 quod
941 956 1076 1043 spatium
1097 958 1254 1043 temporis,

206 1058 232 1105 st
260 1037 302 1101 ad
333 1037 541 1104 infirmitatem
569 1065 605 1106 co
663 1064 734 1106 rum
763 1056 938 1107 nostrorum
970 1041 1095 1119 referas,
1126 1041 1255 1109 fortasse

205 1120 335 1219 longum
357 1122 516 1199 videatur3
548 1126 574 1190 si
598 1066 663 1191 sido
659 1141 804 1192 naturam
825 1126 1008 1191 saeculorum
1030 1116 1067 1189 e't
1081 1141 1255 1217 respectum

205 1208 335 1270 inmensi
368 1208 463 1293 hujus
491 1210 560 1289 aevi,
633 1235 744 1297 rquam
775 1213 869 1276 breve
901 1225 933 1275 et
967 1212 1000 1274 in
1028 1210 1171 1295 proximo
1196 1224 1255 1279 est.

205 1292 289 1357 Nam
304 1292 340 1370 si,
363 1293 524 1363 utCieero
544 1296 577 1358 in
593 1234 761 1361 ilortensio
783 1298 898 1373 scribit,
922 1295 979 1359 “is
1001 1309 1048 1359 est
1068 1315 1201 1380 magnus
1222 1310 1254 1362 et

204 1398 297 1440 verus
317 1400 426 1455 annue,
442 1402 506 1465 quo
520 1380 627 1444 eadem
648 1381 759 1468 positio
777 1382 846 1445 ooeli
868 1380 1075 1467 siderumque,
1091 1404 1163 1466 quae
1181 1403 1254 1445 cum

202 1462 338 1525 maxime
357 1476 414 1541 est,
436 1487 560 1543 rursum
581 1467 716 1543 exsistet,
738 1467 748 1529 i
787 1490 827 1530 ue
840 1488 939 1529 annus
959 1465 1082 1541 horum,
1098 1488 1178 1549 quos
1197 1488 1254 1530 nos

201 1568 359 1623 vocamus,
373 1571 525 1612 annorum
540 1550 612 1615 XII
627 1552 757 1615 MDCC
791 1550 901 1615 CLIV
914 1548 1127 1635 complectitur
1135 1551 1164 1627 ;”
1178 1549 1268 1615 inci--

202 1630 249 1715 pit
263 1632 487 1697 Demosthenes
501 1647 612 1713 vester,
627 1658 721 1721 quem
741 1659 797 1699 vos
817 1647 952 1700 veterem
973 1647 1004 1698 et
1017 1634 1181 1719 antiquum
1195 1634 1253 1699 fin-

200 1715 282 1811 gitis,
297 1738 361 1813 non
374 1717 473 1785 solum
487 1720 596 1783 eodem
610 1736 701 1799 anno,
718 1744 782 1807 quo
796 1743 863 1798 nos,
879 1720 933 1784 sed
946 1718 1011 1783 iere
1024 1718 1133 1783 eodem
1146 1741 1252 1784 mense

200 1811 360 1867 exstitisse.

244 1884 357 1981 rtvll.
375 1884 437 1947 Sed
451 1897 571 1949 transeo
582 1888 623 1949 ad
635 1889 764 1982 Latinos¹
777 1888 971 1981 oratores‚·in
982 1889 1098 1982 quihus
1106 1909 1169 1949 non
1180 1890 1252 1951 Me-

199 1990 338 2049 nemum‚
354 1980 493 2055 utputo,
509 1969 768 2057 Agnppam,qu1
788 1984 891 2057 potest
905 1970 1003 2033 viden
1018 1982 1176 2055 antiquus,
1197 1993 1253 2035 no-

200 2202 332 2252 nomene
343 2203 482 2263 signatione.
504 2203 579 2253 nnn.
598 2204 710 2253 Restituit
741 2204 812 2256 Forte
822 2204 1083 2266 meliaserstqaasnas.
1116 2204 1184 2253 Ean.
1215 2204 1254 2254 ste

201 2268 303 2318 Pichena
321 2268 461 2329 signatione,
477 2268 540 2331 quod
555 2284 635 2317 omnes
657 2278 710 2319 vett.
740 2268 814 2316 MSS.
827 2268 883 2316 Vct.
989 2292 997 2327 2
1170 2274 1180 2288 ”

201 2332 252 2379 edd.
267 2346 325 2379 mea
338 2332 423 2379 habent
436 2342 490 2379 ante
506 2332 622 2395 lipsium.
654 2333 710 2381 Non
769 2328 1252 2395 ·er.t11)cect1t'.]vartnshtenu.

201 2398 257 2443 bene
279 2394 379 2442 restituit
400 2394 518 2443 Broterius
541 2398 710 2457 ngenistaotiene
741 2411 822 2445 menia
833 2395 1044 2458 inexemplaribus
1060 2397 1134 2444 Servii
1149 2398 1173 2445 in
1192 2398 1253 2446 illud

200 2458 373 2507 ennathon
392 2464 446 2505 nam
458 2457 709 2521 inv'erboantiqatnon
742 2458 837 2507 tanet
848 2460 878 2516 ·l',
893 2456 948 2512 273.
968 2460 1082 2518 Triginta
1097 2473 1211 2520 magum
1228 2470 1252 2509 et

200 2532 235 2570 est
245 2522 387 2586 sigrrificatim
403 2522 444 2569 sed
454 2522 581 2585 designatio
594 2524 708 2587 temporis.
741 2526 767 2582 3,
776 2524 831 2570 284.
845 2525 939 2570 Interea
946 2538 1070 2583 magnam
1078 2522 1252 2587 itemquespud

199 2588 261 2640 Mox
279 2586 352 2635 MSS.
371 2585 427 2633 Vat-
450 2599 500 2633 ccc
520 2588 593 2633 anun.
635 2588 715 2635 lien.-
742 2586 895 2637 Censorinum
908 2586 1250 2647 mercennariam.

199 2651 238 2699 Sic
247 2648 308 2697 infra
317 2665 336 2697 c.
346 2654 385 2697 23.
391 2664 466 2711 genas
474 2652 595 2697 hominem
605 2652 709 2711 signasse
742 2648 876 2707 cerellium,
885 2650 989 2699 Macrob.
998 2660 1120 2697 comment.
1134 2650 1158 2698 in
1168 2651 1250 2701 Somu.

199 2721 325 2779 contentos.
369 2712 423 2781 Bip.
443 2723 521 2779 tamen
539 2729 658 2776 reposuere
676 2718 709 2761 st-
741 2713 890 2776 scipionia,
904 2716 940 2761 tl.
958 2724 981 2764 et
996 2715 1048 2762 Jul.
1060 2714 1213 2762 Firmicnml.
1228 2716 1249 2764 1.

195 2780 354 2839 gntjtcatiane.
617 2775 621 2786 '
740 2778 883 2827 Mathesut
896 2777 954 2825 bene
971 2778 1073 2827 Pithoeus
1088 2787 1174 2825 monet.
1201 2778 1251 2826 Va·

240 2844 297 2889 Non
312 2843 386 2889 melta
398 2842 480 2903 plures
496 2857 566 2903 qaam
582 2840 714 2906 trecentas1‘
740 2844 779 2888 rus
794 2840 902 2889 numerus
919 2850 953 2889 est
967 2841 1022 2888 xll
1036 2840 1249 2901 Muccccu1v‚

198 2905 306 2955 Omnino
318 2905 450 2969 legendum,
466 2921 535 2965 qnam
547 2918 616 2953 cecc
630 2921 713 2968 annos,
740 2906 860 2968 expirante
875 2906 972 2968 scriptus
989 2906 1014 2953 in
1030 2906 1112 2979 fragm·
1130 2906 1251 2954 Hortensii

197 2970 271 3017 Anno
287 2970 377 3032 imperii
389 2968 524 3031 Vespasiani
538 2978 602 3018 sexto
615 2969 709 3035 habitus
740 2968 854 3027 Ciceroni,
875 2984 945 3032 quem
961 2977 984 3016 et
1002 2984 1135 3032 recepnnus.
1175 2968 1248 3017 Eun.

198 3033 332 3091 hicserm03
346 3035 387 3081 hoo
396 3041 436 3087 est,
444 3048 505 3080 auno
512 3032 542 3080 U.
551 3030 579 3080 C.
593 3038 647 3082 828.
683 3034 709 3083 Is
739 3034 825 3081 Annus
836 3043 924 3081 vertens
934 3032 1035 3079 siderum
1046 3032 1159 3090 omnium,
1174 3032 1249 3094 quiet

198 3096 278 3144 incidit
291 3097 317 3143 in
334 3111 421 3144 annum
438 3106 547 3159 quartum
560 3096 709 3160 Olympiadis
739 3112 838 3159 maguus
853 3095 993 3152 Platonicus,
1011 3111 1039 3143 ex
1053 3095 1249 3142 Astrouomorum

198 3161 253 3208 213.
285 3161 322 3208 At
334 3169 440 3209 mortuus
456 3160 622 3207 Demosthenes
633 3160 709 3222 primo
739 3162 827 3207 ratione
838 3173 950 3207 annorum
961 3167 996 3204 ost
1007 3160 1094 3204 25920.

199 3218 410 3289 Olympiadisitt.
441 3222 560 3269 Numerus
570 3222 707 3272 rotunduss
747 3278 750 3283 ,
770 3222 1030 3285 Incipit-eastitisse]
1039 3220 1249 3281 vixmnmhoe

197 3298 271 3336 morte
289 3286 454 3337 Demosthenis
471 3286 630 3349 quadringenti
652 3288 723 3335 anni&
738 3297 798 3349 recto
811 3286 898 3335 dimum
914 3301 977 3343 esse3
995 3286 1035 3332 sed
1045 3285 1136 3332 videtur
1148 3284 1172 3333 in
1185 3288 1248 3335 Inci-

197 3354 227 3399 ab
235 3368 289 3407 aevo,
298 3368 344 3415 quo
351 3350 437 3409 floruit,
446 3366 492 3398 nesi
501 3352 668 3413 multoplures,
680 3361 711 3417 ut
733 3355 774 3414 ptr
785 3350 980 3413 vitiiquidlstere.
1014 3350 1085 3397 Eun.
1119 3349 1248 3399 Sedsinrile

196 3416 230 3465 ait
240 3412 368 3464 Meroerua'
389 3414 419 3461 In
429 3414 532 3477 nrargiue
539 3414 617 3462 addidi
628 3428 705 3474 cccc,
737 3416 794 3479 quid
809 3417 882 3463 hebes
895 3429 995 3477 saproc
1008 3415 1045 3461 ll.
1076 3413 1248 3479 Alibi-quaque

195 3480 278 3529 verius
308 3480 381 3527 ers.
410 3478 506 3541 Recepit
520 3478 709 3529 hanecorrecsio-
737 3480 822 3543 legitur
832 3480 926 3538 ingredi
936 3481 982 3525 tter
993 3480 1086 3540 tneips'a.

196 3558 250 3605 nem
261 3544 368 3592 Pichena.
390 3542 461 3590 Eun.
490 3540 706 3604 Sequunturrecen-
770 3544 829 3591 Non
845 3543 919 3589 sotum
934 3558 995 3591 anno
1013 3556 1058 3603 qao
1073 3558 1122 3601 nas,
1141 3544 1181 3590 sed
1189 3543 1247 3606 sere

196 3608 264 3656 tiores
274 3623 360 3656 omnes.
391 3604 704 3674 Necaudimdusfimmzd
737 3604 813 3655 eodem
832 3604 919 3669 noenae]
942 3605 1020 3674 Immo
1035 3622 1065 3653 ex
1079 3607 1193 3668 analogia,
1209 3606 1246 3653 in·

197 3671 236 3721 Cf.
248 3672 356 3720 Schulze.
691 3720 693 3723 ,
736 3672 788 3735 quit
804 3670 915 3729 Pithoeus,
932 3686 978 3718 non
994 3673 1068 3717 salam
1082 3686 1126 3733 quo
1141 3684 1190 3725 nos,
1206 3669 1246 3715 aad

229 3738 296 3783 Nam
303 3738 332 3794 st,
342 3738 402 3784 deut
412 3732 449 3801 C]
460 3735 499 3783 Sic
507 3734 649 3783 Puteolanus
657 3749 706 3783 cor-
730 3737 868 3801 firceodesn
875 3737 919 3781 die.
941 3736 995 3797 Ego
1001 3749 1048 3782 non
1054 3744 1150 3783 mutem.
1169 3733 1246 3779 era.

194 3800 256 3849 rexit
266 3793 385 3847 lectionem
397 3800 431 3847 ed.
443 3816 478 3863 pr.
489 3800 556 3845 sicat.
588 3798 705 3845 Broterius
737 3798 842 3863 Repasui
849 3800 925 3845 saman
933 3813 993 3846 anno
1000 3814 1020 3861 q.
1030 3816 1054 3847 n.
1065 3815 1094 3846 ex
1106 3797 1155 3843 edd.
1164 3795 1245 3842 veteri

195 3856 219 3911 in
227 3862 304 3912 MSS.
310 3861 365 3913 Vat.
372 3864 463 3927 reperit,
470 3865 498 3919 si,
505 3869 546 3920 aa·
554 3862 617 3929 quod
623 3862 704 3924 recepi.
736 3866 789 3920 bus,
799 3858 1176 3925 quibusoonsentiuutMSS.Vat.
1193 3858 1244 3907 Ex-

196 3928 269 3976 Enn.
736 3927 793 3975 cidit
811 3935 896 3973 tenere
913 3926 938 3973 in
953 3927 1052 3976 editiom
1067 3924 1146 3984 aliqua
1160 3923 1246 3980 cadem,

229 3996 292 4042 Cam
300 3994 414 4057 monisse]
424 3991 475 4039 Jsc.
487 3988 540 4039 Nia'
548 3989 707 4052 Loensislegit
737 3993 780 4039 nec
786 3990 970 4039 auhnadversum
979 4000 1013 4039 est
1023 3986 1246 4049 ssequentibusedi·

196 4072 256 4104 nunc
268 4059 388 4103 marinae·-
405 4056 437 4104 sic
453 4065 476 4103 et
486 4056 599 4104 Schurzfl.
616 4053 704 4101 Heum.
737 4056 832 4104 toribus.
863 4054 936 4104 Eun.
973 4054 1053 4103 Immo
1067 4050 1152 4099 excidit
1166 4050 1191 4097 in
1208 4050 1244 4099 ed.

195 4120 310 4182 Schulze;
328 4120 480 4185 benelorsan.
513 4118 568 4167 Vid
577 4116 705 4167 Emestiiu
738 4119 793 4167 Put
805 4118 892 4166 etBer.
924 4116 1056 4179 Legiturin
1067 4114 1102 4163 ed.
1114 4115 1244 4177 Ven.Spir.

195 4184 259 4232 clave
269 4182 319 4233 Cic.
332 4200 359 4233 es
369 4200 431 4233 voce.
737 4181 799 4231 Mor
811 4180 911 4231 Schulze
920 4180 1044 4243 legendnm
1054 4187 1130 4246 putet,
1142 4180 1245 4244 ardfert

205 4284 207 4289 .
226 4251 297 4311 Isque
313 4266 389 4297 annus
405 4249 498 4311 harum,
515 4262 571 4311 quos
585 4247 705 4309 totamm]
737 4250 814 4301 endam
824 4262 899 4297 meme
911 4252 933 4293 ct
944 4245 989 4297 dte,
1020 4278 1025 4285 ,

196 4310 259 4377 de,
275 4321 329 4363 ante
345 4312 478 4377 Rhenpro
489 4328 545 4378 quos
560 4312 646 4362 habent
658 4324 706 4359 raas.
