3034 4967
565 271 623 333 Au
645 270 804 332 ANNAL.
825 269 906 334 Lru.
925 274 968 334 11.
1240 277 1304 335 lah

229 427 543 491 Civitatemltamanam
552 440 720 510 usurpantes
728 431 758 490 in
766 450 864 512 campo
874 432 915 490 Es
935 429 1027 490 cilina
1035 431 1130 492 securi
1192 433 1308 492 murs·
1389 449 1394 458 ·

226 511 306 588 quod
321 509 463 568 Horatius
478 509 617 588 Epona,
628 511 757 572 uranus
768 509 833 569 illas
843 508 903 588 lapi
943 521 988 568 tes
1000 510 1031 568 in
1041 510 1133 589 Ecqui
1157 511 1163 522 '
1189 510 1304 587 abjicit..

228 589 258 646 V
254 591 378 647 asturia
391 589 506 647 vicatim
518 589 621 646 lineet
634 588 700 647 binc
708 588 788 648 sacis
794 599 892 668 petens
900 589 1056 650 contundet
1066 590 1210 648 obscenas
1219 608 1299 650 cnm.

225 667 302 726 Post
315 667 452 747 insepulta
467 668 590 726 membre
603 667 731 746 dffcrent
745 666 808 746 lupi
827 667 869 726 Et
882 668 1044 747 Esquiline
1062 668 1154 728 aiitm.
1194 671 1300 746 ltaque

227 757 258 804 et
278 746 401 823 puticuli
421 746 473 814 ibi,
516 765 554 804 uo
575 745 677 804 vilium
699 747 964 825 damnatorumque
983 747 1134 806 hominurn
1155 747 1307 806 cadavera,

224 825 464 901 projiciebantur.
492 765 586 882 iano
595 829 624 894 4,
639 829 667 884 5.
699 825 804 882 Festus
814 824 932 902 aliique.
960 826 1076 885 Ibidem
1089 825 1298 894 locumfuissc,

224 903 277 980 qui
293 902 454 962 Sestertius
469 902 631 976 diceretur,
644 902 721 963 infra
735 903 852 963 docebo
865 903 903 962 ad
916 906 954 962 A.
966 909 1013 977 15,
1026 910 1076 966 60.

748 1125 773 1182 Ι.

635 1280 726 1340 CAP.
752 1278 899 1342 XXXIII.

280 1424 467 1496 Bussrns,e
490 1422 550 1481 lino
561 1449 570 1498 3
593 1422 780 1502 bombyciae,
802 1442 821 1482 e
840 1442 955 1492 sermm
975 1424 1080 1493 serica,
1101 1443 1140 1484 ex
1160 1427 1298 1486 arborum

228 1503 304 1571 lana,
320 1504 473 1562 confectae.
514 1501 698 1580 Bombycina
709 1502 813 1560 eadem
828 1513 874 1560 est
887 1521 956 1560 cum
970 1506 1032 1562 Cea
1043 1503 1105 1563 sive
1120 1505 1194 1577 Coa,
1212 1507 1299 1579 (nihil

228 1581 306 1640 enim
320 1580 457 1658 interest)
470 1593 628 1659 manetque
642 1579 747 1639 hodic:
770 1580 949 1658 reliquarum
962 1582 1033 1639 nihil
1047 1595 1182 1660 superest
1191 1597 1299 1662 praeter

225 1678 343 1718 nomen.
383 1661 509 1738 Byssum
523 1678 592 1717 cum
606 1657 734 1727 serico',
749 1659 886 1738 imperite
897 1659 1054 1719 confundit
1064 1658 1258 1723 Philostratus
1267 1668 1298 1734 2,
1398 1657 1402 1662 ¹

227 1741 277 1796 20.
290 1748 322 1796 et
335 1737 397 1794 vult
412 1756 450 1795 ex
464 1737 569 1796 arbore
580 1737 681 1796 Indica
695 1737 789 1806 nasci,
802 1757 869 1815 quae
879 1738 1034 1798 altitudine
1043 1739 1162 1816 quidem
1173 1741 1299 1818 populos
1388 1747 1391 1754 '

226 1824 336 1893 aequet,
365 1813 442 1872 foliis
469 1814 552 1874 salici
578 1834 639 1874 non
666 1815 813 1873 absimilis.
856 1816 991 1874 Sericum
1016 1817 1167 1876 debuisset
1189 1820 1300 1880 dicere.

227 1893 307 1950 Nam
328 1893 433 1970 byssus
453 1911 470 1950 c
491 1903 570 1949 terra
590 1891 730 1968 gignitur,
746 1905 780 1949 ut
797 1893 901 1963 linum,
915 1893 996 1952 circa
1007 1893 1124 1952 Elidem
1136 1897 1308 1974 precipue,

226 1969 345 2030 Achaiae
372 1971 485 2026 urbem.
525 1968 638 2028 Eadem
662 1969 809 2047 imperitia
833 1971 1053 2048 bombycinam,
1080 1973 1204 2032 sericam
1227 1973 1301 2036 facit

225 2048 358 2108 Isidorus
370 2053 416 2117 19,
426 2049 474 2110 27.
516 2046 547 2104 Sl
558 2058 657 2106 tamen
670 2047 818 2125 imperitia
832 2059 887 2120 est,
899 2059 929 2109 et
943 2069 1001 2107 non
1010 2062 1132 2128 recepta
1147 2051 1245 2129 opinio
1254 2053 1305 2110 in··

226 2126 343 2186 ferioris
357 2126 421 2186 aevi.
460 2125 537 2184 Nam
554 2137 586 2183 et
596 2123 726 2184 Zonaras
741 2125 781 2206 in·
792 2127 811 2182 J
814 2126 950 2186 ustIniani
963 2127 1025 2186 vita
1037 2129 1148 2199 scribit,
1164 2130 1225 2208 ejus
1233 2127 1308 2192 'tenu'

220 2205 339 2287 poribus
355 2203 439 2264 teiam
452 2206 568 2272 sericam
583 2225 601 2262 a
616 2203 755 2263 Romanis
779 2204 824 2277 (id
838 2217 884 2264 est
898 2205 1013 2266 Grecis
1038 2209 1225 2286 Byzantinis)
1243 2208 1301 2270 tesi

227 2294 356 2362 creptam,
373 2305 436 2343 cum
454 2293 535 2342 antea
555 2303 574 2340 a
589 2281 717 2342 Persicis
735 2283 935 2345 mercatoribus
955 2294 1067 2346 tantum
1084 2285 1303 2365 importaretur,

228 2385 278 2424 nec
290 2363 417 2423 Rostrani
430 2363 543 2429 scirent,
550 2363 604 2435 fila
618 2361 671 2421 illc
681 2381 739 2420 esse
751 2363 897 2422 nennium.
936 2363 975 2422 Et
994 2363 1086 2434 addit,
1102 2366 1176 2424 duos
1197 2360 1308 2428 mona·⁴¹

229 2443 301 2503 chos
316 2461 371 2500 ova
385 2441 434 2500 illa
453 2440 596 2500 vermium
617 2457 656 2498 ex
675 2439 762 2498 lndia
774 2442 908 2500 attulisse
922 2454 953 2500 et
970 2445 1044 2501 mori
1057 2443 1134 2503 follis
1148 2445 1254 2506 aluisse
1269 2459 1300 2508 et

227 2523 297 2580 inde
321 2519 451 2579 sericum
472 2515 646 2578 confecisse.
687 2517 770 2577 Otho
798 2519 869 2576 item
898 2520 1090 2599 Frisingensis
1119 2521 1150 2580 iu
1178 2524 1301 2586 historia

230 2599 373 2672 Friderici
386 2604 413 2667 l,
424 2603 473 2659 33.
485 2597 526 2657 ait
535 2595 716 2656 llodericum
728 2594 920 2676 (Rogerium)
934 2597 1077 2671 Siculum,
1084 2603 1263 2680 expugnatis
1272 2604 1302 2662 in

228 2679 346 2737 Graecia
366 2677 500 2744 Athenis,
517 2675 669 2744 Corintho,
692 2675 814 2745 Thebis,
832 2677 964 2756 opifices,
983 2679 1035 2814 {ui
1055 2679 1165 2738 sericos
1186 2677 1304 2760 pannos,

228 2759 381 2825 texebant,
388 2754 547 2832 deduxisse
559 2754 690 2831 captivos
700 2764 730 2811 et
741 2753 772 2809 in
783 2753 889 2813 Siciliae
898 2757 972 2816 urbe
1009 2757 1119 2816 alermo
1128 2759 1305 2822 collocasse,

228 2835 303 2894 Inde
316 2835 439 2902 factum,
451 2845 493 2903 ut,
507 2852 594 2910 quam
610 2832 770 2890 textrinam
784 2834 864 2910 prius
879 2834 934 2892 soli
945 2834 1046 2895 Graeci
1065 2837 1143 2895 inter
1158 2837 1302 2898 Christia-

229 2933 284 2972 nos
310 2912 477 2982 habuerint,
506 2930 574 2970 cum
596 2910 737 2968 Romanis
765 2913 979 2972 communicata
1002 2914 1040 2974 sit
1060 2913 1194 2992 ingeniis.
1231 2919 1302 2977 Nec

227 2993 388 3051 abhorrent
413 2991 451 3048 ab
477 2990 535 3048 hac
561 2989 708 3047 sententia
734 2988 894 3048 Pausanias
923 2995 950 3061 6,
975 2995 1023 3051 26.
1062 2993 1170 3051 Pollux
1194 2994 1223 3064 7,
1253 2999 1301 3059 17.

229 3069 347 3130 Servius
362 3072 400 3128 ad
413 3069 496 3146 Virg.
511 3067 626 3146 Georg.
638 3071 668 3136 2,
687 3071 751 3126 121.
791 3071 833 3128 At
852 3069 946 3144 magis
964 3081 1079 3128 veteres
1097 3070 1301 3133 discriminant

229 3151 327 3210 clare:
348 3159 379 3206 et
392 3148 488 3205 lanam
502 3147 638 3204 arborum
653 3165 717 3204 esse
731 3144 858 3205 sericum
871 3147 985 3215 volunt,
998 3147 1079 3225 apud
1093 3148 1181 3208 Seres
1201 3153 1301 3212 Indos.

227 3227 366 3306 Virgill.
381 3245 407 3284 c.
455 3222 620 3302 Velleraque
637 3221 765 3303 ursatius
778 3226 928 3305 depectant
941 3229 1036 3285 tenuia
1057 3229 1150 3287 Seres.
1188 3230 1300 3291 Plinius

228 3305 255 3377 6,
272 3310 309 3370 17
329 3308 412 3382 (20).
455 3303 549 3372 Seres,
564 3303 667 3362 lanicio
681 3301 816 3362 siluarum
830 3302 945 3373 nobiles,
962 3307 1112 3384 perfusam
1125 3327 1202 3386 aque
1216 3309 1300 3392 depe-

227 3397 329 3460 etentes
329 3383 485 3462 frondium
500 3379 639 3441 canitiem.
656 3441 660 3448 ,
679 3381 797 3440 Seneca
814 3394 905 3460 poeta
923 3381 1047 3470 Hippoi.
1067 3406 1094 3443 v.
1118 3391 1186 3448 389.
1226 3393 1306 3467 Quas,

216 3463 278 3542 fila
294 3463 380 3542 ramis
397 3461 496 3522 ultima
517 3459 603 3522 Seres
617 3457 721 3540 legunt.
763 3459 954 3520 Marcellinus
974 3468 1023 3534 23,
1044 3467 1072 3525 6.
1111 3466 1202 3542 Apud
1216 3466 1305 3530 Seras'

228 3544 387 3602 sublucidae
408 3537 499 3609 silva,
519 3541 547 3599 in
571 3537 669 3617 quibus
684 3535 817 3598 arborum
828 3542 926 3619 soetus
949 3561 1087 3634 spirarum
1102 3547 1306 3628 asperginibus

226 3623 330 3681 crebris
341 3619 416 3694 velut
424 3620 550 3698 qaedam
558 3616 661 3676 uellera
669 3616 830 3689 mollientes,
837 3639 875 3678 cs
885 3620 1023 3700 lanugine
1034 3635 1062 3680 et
1069 3619 1304 3701 liquoremtcam,

229 3701 410 3760 subtilitatem
437 3697 614 3756 tenerrimam
668 3706 773 3767 ectum,
803 3707 949 3776 nentesque
973 3700 1125 3761 subtemine
1149 3703 1300 3778 conficiunt

227 3780 356 3840 sericum.
396 3779 445 3854 De
459 3765 503 3833 his
518 3775 633 3833 Seneca
679 3774 856 3844 ebeneficiis
870 3777 897 3846 7,
910 3782 939 3837 9.
979 3776 1066 3838 Video
1080 3780 1187 3840 sericas
1200 3793 1299 3854 vestes,

227 3859 254 3918 si
268 3852 592 3930 vestesuocandaesunt,
606 3851 747 3932 inquibus
762 3852 835 3912 nibil
854 3864 905 3925 est,
926 3877 982 3936 quo
1001 3859 1116 3936 defendi
1132 3879 1233 3934 corpus
1250 3873 1300 3923 aut

229 3937 346 4012 denique
354 3936 451 4014 pudor
458 3932 549 4013 possit
556 3954 570 3997 ;
588 3932 689 4010 quibus
699 3933 826 4008 sumptis,
841 3935 941 3995 mulier
948 3957 1051 4017 parum
1063 3936 1184 4014 liquido,
1194 3942 1299 4002 nudam

229 4036 259 4073 se
271 4035 326 4072 non
338 4012 536 4090 esse,jurabit,
578 4011 655 4068 Hac
667 4011 779 4089 ingenti
791 4032 898 4070 summa
912 4013 947 4074 ab
961 4015 1063 4093 ignotis
1075 4015 1159 4074 etiam
1174 4019 1214 4076 ad
1225 4017 1303 4079 comss

229 4094 358 4154 mer'cium
365 4089 495 4170 gentibus
502 4098 691 4158 accersuntur,
701 4099 731 4148 ut
741 4105 879 4150 matrone
887 4105 991 4152 nostra
998 4113 1035 4152 ne
1044 4091 1180 4155 aduimris
1188 4099 1300 4175 quidem

223 4171 290 4250 pius
304 4173 347 4242 sui
362 4171 393 4229 in
409 4165 545 4236 cubicula,
559 4188 642 4243 quarn
652 4167 681 4225 in
688 4168 813 4247 publico,
827 4172 980 4246 ostendunt.
1020 4172 1301 4236 Pellucebantenim

228 4250 397 4321 tenerrima,
410 4259 444 4306 ut
459 4244 631 4305 Ammianus
645 4245 785 4326 loquitur,
804 4248 975 4307 subtilitate.
1015 4248 1148 4332 Ideoque
1162 4256 1305 4333 quotiens

261 4411 275 4440 θ
287 4409 377 4456 Pollaa
389 4408 403 4456 7
407 4439 414 4465 ,
428 4408 465 4454 17.
496 4387 612 4466 Bpssinas
630 4413 703 4456 vestes
723 4407 749 4456 in
767 4399 876 4472 AEgppto
893 4413 997 4471 repertas
1014 4416 1117 4477 tempore
1133 4413 1298 4463 Santram&

228 4475 278 4523 uult
290 4471 395 4522 Clemens
407 4472 519 4519 Stromet.
527 4473 548 4517 l.
556 4485 582 4533 p.
593 4473 649 4519 307.
