3034 4967
208 259 263 316 us
324 267 328 277 ·
539 253 568 310 J.
589 255 704 316 mrsu
727 225 959 316 excussus*

199 419 296 478 lubuit
316 416 475 497 Vespasium
492 417 662 490 Pollionem,
684 434 727 480 rer
744 421 897 480 Tribunum
917 419 1036 479 militurn
1057 419 1275 496 Praefectumqu'e

199 507 361 556 castrorum.
391 497 464 566 Abi,
473 497 517 554 vir
531 497 680 558 maximni
691 499 825 571 lucrifac,
836 499 956 578 reliquae
964 499 1080 557 virtutis
1093 509 1152 556 tuae
1161 514 1273 563 caussa,

200 577 361 660 censorium
375 576 450 634 hanc
464 583 575 637 notam.

716 739 741 796 1.

626 893 714 953 CAP.
735 895 869 954 XXIV..

239 1051 346 1109 Runus
365 1049 438 1108 laetis
457 1062 488 1109 et
504 1050 608 1110 militis
627 1071 777 1130 prospera,
798 1043 893 1111 orniri
909 1051 993 1129 signa
1012 1071 1075 1111 mos
1095 1051 1151 1110 luit
1172 1051 1267 1121 lauru,

200 1130 328 1198 floribus,
357 1129 522 1205 unguentis.
563 1131 814 1198 Claudianus‘lb,
839 1134 902 1194 187.
944 1134 1129 1211 Lutoturqne
1149 1128 1262 1188 lumen.-

200 1209 443 1290 Mooortinsigno
461 1208 610 1269 rubescunt
626 1208 764 1280 Floribus,
784 1220 812 1268 et
832 1210 1099 1271 subitironimmitur
1110 1208 1267 1288 frondibus

199 1287 299 1346 lause.
341 1287 497 1346 Suetonius
525 1286 640 1346 Claudii
664 1307 691 1348 c.
719 1293 764 1350 13.
810 1289 911 1349 Verum
936 1289 1024 1364 intro*
1040 1293 1166 1368 quintam
1192 1287 1264 1344 diem
1366 1315 1376 1371 ¹.

200 1385 347 1457 oppressus
360 1378 412 1434 est,
427 1365 588 1445 legionibus,
600 1386 666 1444 pure
675 1378 876 1427 sacromentum
890 1376 1074 1437 mutauerant,
1088 1368 1117 1425 in
1124 1366 1265 1445 preniten-

199 1455 265 1504 tmm
278 1443 414 1523 religione
426 1445 586 1504 conuersis:
603 1459 754 1525 postquam
767 1447 930 1506 denuntiato
942 1447 982 1504 osi
993 1467 1093 1505 nouum
1106 1446 1264 1537 insperato-
1347 1476 1352 1485 ·

198 1543 256 1582 rem
270 1523 458 1592 itinere‚oosu
471 1525 588 1600 quodem
602 1544 638 1584 on
651 1525 792 1595 diuinitus,
807 1545 843 1583 ne
907 1547 925 1582 o
964 1524 1037 1583 ilo*
1053 1541 1266 1600 murmurque

200 1605 281 1680 signo
295 1600 583 1683 conuellipotuerunt.
614 1605 655 1662 Et
665 1602 787 1662 Orosius
797 1546 901 1662 eagpgl
914 1545 963 1665 tien
965 1606 1037 1671 re7,
1050 1606 1076 1663 6·
1109 1603 1172 1660 Die
1180 1601 1264 1667 dieto,
1301 1673 1309 1682 ·

148 1673 155 1689 ’
199 1689 229 1738 ut
243 1680 272 1738 in
285 1699 365 1740 unum
376 1681 495 1758 undique
504 1683 545 1740 od
552 1701 650 1741 novum
661 1682 860 1759 Imperatorem
870 1682 1052 1750 munenirent,
1060 1700 1149 1758 neque
1157 1679 1265 1815 aguila

199 1761 306 1830 ornori,
319 1780 405 1838 neque
412 1759 529 1819 cosroelli
539 1781 648 1840 quoquo
657 1761 738 1819 modo
747 1760 831 1841 signo
840 1760 977 1820 moomioe
982 1768 1146 1840 potuerunt.
1197 1758 1272 1835 igne,

200 1857 231 1896 er
253 1839 312 1896 oin
326 1839 467 1916 ejusmodi
481 1839 589 1900 laetitiis
605 1840 779 1918 obviamque
791 1839 930 1898 itionibus
942 1840 1138 1906 ornabantur,
1160 1837 1208 1896 cui
1221 1827 1264 1893 re'i

199 1859 329 1989 adiribita
351 1918 440 1977 etiam
463 1929 623 1996 unguenta.
663 1917 775 1977 Plinius
801 1921 886 1991 13‚.3
912 1919 969 1995 (4).
1009 1915 1122 1994 Aquilo
1140 1925 1213 1996 certe
1230 1935 1263 1972 oo

198 1995 498 2077 signu,·puluerulenlo
511 1995 562 2056 illu
576 2019 608 2056 oe
620 1997 750 2056 custodiis
761 1997 885 2067 horride,
903 1998 1077 2074 inunguntur
1087 1993 1263 2072 etiumfsrstis

196 2074 294 2164 piiebus
304 2099 317 2144 ,·
339 2078 444 2134 utinum
464 2097 498 2134 ue
516 2077 608 2134 dicere
625 2095 776 2153 possemus,
799 2077 861 2153 quis
876 2075 984 2152 primus
1002 2073 1174 2132 instituisset,
1216 2071 1263 2130 lto

198 2167 261 2212 est:
281 2153 334 2212 leno
348 2098 470 2213 merceoie
482 2163 620 2229 corruptor
637 2165 773 2211 terrorum
793 2153 880 2212 orbem
900 2151 1022 2210 devicere
1041 2151 1156 2228 oquilce.
1197 2149 1262 2207 Nec

89 2229 107 2282 “.
198 2233 279 2290 aliud
299 2242 353 2306 est,
374 2232 454 2308 quod
467 2231 566 2289 no'ster
578 2229 769 2307 hic-appellat
787 2229 942 2307 insignium
962 2228 1115 2306 fulgorem.
1154 2230 1201 2286 Ita
1218 2233 1264 2299 15,

198 2313 247 2384 29.
286 2310 364 2368 Hine
384 2311 495 2388 agmina
515 2308 658 2386 legionum
671 2317 771 2369 stetere
780 2307 961 2389 fulgentibus
972 2306 1072 2383 equilis
1083 2307 1225 2386 signisque
1237 2318 1266 2366 et
1361 2321 1364 2324 ’

198 2387 356 2447 simulacris
369 2389 464 2447 Deum
479 2387 628 2446 inrnodum
641 2387 745 2468 templi.
787 2389 826 2446 Et
845 2387 946 2445 Livius
966 2387 1054 2445 etiam
1068 2391 1115 2455 28,
1134 2390 1178 2446 14.
1209 2389 1265 2446 As·

112 2514 114 2518 .
197 2465 424 2538 drubulelomore
435 2467 557 2546 equilum
570 2466 721 2548 eneitotus,¹
730 2481 761 2526 ut
773 2488 810 2527 eu
822 2463 997 2526 toberrreoulo
1008 2464 1149 2545 prosiluit,
1161 2469 1264 2524 tumul-

184 2555 311 2624 -tumque
323 2555 389 2604 onte
403 2548 504 2604 rollum
517 2553 545 2605 et
558 2554 602 2605 tre
621 2545 769 2605 illationem
785 2558 909 2614 suorum,
926 2557 955 2603 et
968 2547 1071 2623 procul
1081 2545 1163 2622 signu
1176 2545 1263 2623 legio·

122 2659 125 2665 ·
198 2645 264 2683 num
274 2625 419 2703 fulgentio
453 2623 580 2702 lenesque
592 2567 708 2682 iontem
721 2645 830 2701 campos
842 2624 935 2682 uidit:
956 2623 1010 2681 etsi
1023 2623 1123 2700 paullo
1136 2623 1220 2682 aliter
1233 2624 1264 2681 id

201 2702 315 2780 accipio
338 2703 376 2762 de
398 2647 512 2779 fuigore
532 2702 655 2780 argenti,
677 2703 798 2781 pulvere
818 2703 952 2771 deterso,
971 2701 1041 2779 quia
1061 2703 1190 2759 nondum
1211 2701 1261 2758 illo
1319 2769 1324 2778 Ι

198 2801 261 2844 aevo
275 2792 361 2841 notus
375 2781 500 2842 luxuries
513 2802 584 2842 mos.
613 2782 739 2858 Contra,
751 2783 781 2839 in
792 2781 908 2840 tristitia
921 2794 951 2839 et
964 2781 1051 2839 rebus
1065 2781 1163 2848 arctis,
1179 2780 1263 2856 signa
1276 2848 1278 2851 ¹

199 2859 316 2932 horrida
332 2871 362 2920 et
375 2861 532 2938 incompta.
572 2860 693 2921 Tacitus
711 2862 860 2919 intimere
881 2859 1050 2918 Germanici
1063 2864 1093 2925 3,
1107 2865 1151 2918 2.·
1165 2861 1261 2916 -Pree-
1294 2856 1297 2868 “

199 2938 329 2998 sedebant
348 2940 487 3018 incompte
507 2941 599 3020 signo,
620 2944 692 2998 uersi
700 2939 796 3018 foces.
837 2939 928 2997 Libro
943 2939 984 2995 H.
998 2943 1028 3005 4,
1040 2942 1088 2997 62.
1128 2938 1262 2996 Reoulsce

167 3019 175 3031 ⁰
198 3017 397 3098 Imperatorum
410 3018 557 3096 imagines,
572 3017 707 3078 inhonoro
716 3021 810 3097 signu,
812 3018 998 3098 fulgentibus
1009 3016 1081 3074 lsino'
1089 3016 1153 3074 inde
1161 3013 1260 3075 Gallo·

186 3117 261 3153 vreem
285 3097 402 3157 venillis.
442 3098 532 3156 Libro
557 3104 604 3166 15,
627 3101 673 3156 16.
694 3097 731 3155 de
750 3097 823 3176 fuge
837 3095 933 3156 sPaeti:
962 3094 1094 3165 Corbulo,
1121 3096 1263 3154 suissuis
1329 3152 1331 3156 .

145 3242 147 3246 ¹
197 3175 373 3252 copiisupud
384 3177 475 3256 ripum
490 3175 650 3258 Euphratis
668 3175 772 3246 obuius,
791 3197 848 3235 non
867 3195 928 3233 eom
944 3174 1060 3252 speeiem
1074 3175 1222 3252 insignium
1236 3184 1263 3233 el
1296 3171 1304 3182 ⁸

175 3275 338 3326 'armorum
354 3255 495 3330 pretulit,
516 3268 547 3316 ut
566 3253 753 3346 dioegsitotem
774 3255 964 3335 euprobroret.
1003 3256 1070 3312 Neo
1089 3253 1177 3330 plura
1192 3253 1263 3310 mihi
1304 3281 1307 3291 ·

137 3372 139 3377 .
189 3343 300 3412 'notata
319 3331 356 3390 de
378 3334 434 3391 hoc
454 3353 556 3411 parum
578 3331 698 3408 cognito
717 3334 814 3397 adhuc
838 3332 947 3391 militiae
968 3331 1035 3388 ritu.
1075 3331 1153 3390 Illud
1174 3331 1262 3401 addo,

198 3429 331 3468 manasse
356 3411 447 3468 videri
472 3432 490 3469 a
509 3413 612 3472 statuis
633 3411 775 3481 Deorum,
801 3432 872 3491 quas
894 3409 1069 3474 melioribus¹
1083 3410 1187 3469 diebus
1210 3431 1262 3468 un-

197 3488 313 3565 guentis
333 3490 559 3566 perfundebant,
579 3491 661 3570 quasi
675 3491 704 3547 in
719 3492 831 3551 cultum
845 3503 876 3551 et
889 3491 1040 3548 honorem.
1080 3491 1195 3567 Aquilae
1210 3511 1262 3549 au·

197 3579 257 3625 tem
277 3587 374 3625 nonne
394 3568 445 3625 Dii
466 3569 626 3629 militares?
650 3569 755 3629 Cicero
777 3573 806 3629 in
819 3570 904 3628 Verr.
922 3574 951 3636 4,
965 3570 1014 3626 35.
1055 3568 1159 3628 Ornnes
1177 3571 1261 3647 Sege-

197 3655 293 3706 stanus
307 3656 448 3708 snutronus
465 3657 491 3706 et
513 3649 635 3730 uirgines
652 3651 823 3720 ‚conuenisse
846 3669 904 3708 eum
925 3647 1023 3706 Dione
1047 3657 1261 3725 exportaretur.-
1343 3693 1347 3703 .

148 3775 153 3784 .
198 3727 480 3807 uouisseungueutis,
494 3731 642 3810 complesse
655 3741 683 3787 et
700 3730 849 3789 coroniset
857 3728 990 3806 floribus.
1030 3726 1176 3784 Arnobius
1194 3732 1218 3785 l.
1233 3748 1263 3808 p.
1341 3726 1343 3730 ⁴

197 3809 245 3864 22.
282 3807 313 3864 Si
327 3805 433 3883 quondo
447 3826 641 3887 enumerarem
652 3806 815 3866 lubricatum
830 3807 961 3885 lapidem,
971 3806 1000 3864 'et
1012 3823 1050 3862 eu
1063 3807 1130 3864 oliui
1140 3808 1264 3886 unguine
1300 3834 1318 3883 j

197 3884 379 3956 ordinatum
407 3881 455 3944 ubi
483 3887 590 3954 malim,
617 3887 798 3947 odoretumi.
838 3885 982 3964 Apuleius
1009 3883 1117 3942 Florid.
1146 3891 1173 3944 l.
1199 3886 1261 3942 init.
1276 3941 1288 3959 Ι,

199 3963 290 4041 Lupis
304 3966 424 4043 unguine
437 3965 584 4025 delibutus.
625 3966 741 4026 Sene'ea
759 3966 875 4042 Fragm.
895 3965 933 4022 de
949 3963 1166 4040 ¹Superstitiona
1182 3965 1261 4045 apusl

199 4043 327 4116 August.
342 4046 378 4100 de
393 4044 447 4103 civ.
458 4045 516 4103 Dei
533 4049 559 4112 6,
579 4051 624 4105 10.
664 4045 746 4104 Alius
754 4049 846 4119 flator
861 4052 912 4113 est,
933 4042 1006 4103 elius
1022 4051 1132 4101 unctor.
1172 4041 1260 4119 Lapis

122 4154 125 4161 ·
170 4191 173 4196 .
200 4130 284 4176 vetus
300 4119 404 4180 Romae
422 4122 518 4200 (apud
537 4124 623 4183 Grut.
641 4143 670 4201 p.
693 4127 789 4203 124.):
810 4122 940 4186 neruos}
960 4136 1105 4184 corrosis,
1127 4140 1264 4180 inseris.

198 4215 377 4262 smnrsovu.
393 4219 517 4260 vncrm.
541 4243 548 4257 s
559 4203 645 4270 Vide,
660 4223 726 4280 quae
740 4203 837 4261 notavi
853 4203 949 4263 Elect.
963 4205 993 4270 2,
1013 4204 1056 4260 18.
1157 4243 1162 4252 .

230 4376 243 4402 “
257 4375 322 4424 Male
333 4376 356 4423 in
368 4378 461 4426 Sueton.
475 4383 569 4440 equile.-
589 4383 665 4444 plures
676 4381 738 4429 enim
748 4381 856 4443 legiones.

219 4445 249 4490 v'r
262 4442 348 4490 Forsan
359 4445 511 4498 semilonium.
548 4447 584 4494 Cl.
598 4447 693 4496 Heraldi
704 4447 794 4495 observ.⁴
