3034 4967
106 318 114 334 ,
156 313 164 330 ,
185 198 750 366 ιφαυεῖὂὶξΑζςρκιΒυε
773 256 997 319 omuocus
1018 260 1105 354 car.
1122 263 1170 318 u.

155 381 165 465 i
184 413 194 464 ·'
201 379 231 465 ’.ἶ
249 382 349 484 dinei
358 381 536 484 irinocerite‘s'
544 383 662 499 litator,
677 421 756 485 sicut
769 423 850 486 inter
864 443 953 487 sanos
967 421 1114 488 medicus.
1159 421 1334 500 Quomodo

203 525 206 532 ⁴
266 519 370 570 tamen
391 503 554 569 minimum
578 527 663 583 usus,
685 506 912 605 minimumque
933 507 1091 596 profectus
1111 529 1162 573 ars
1182 506 1333 572 medentis

267 591 363 655 babet
376 591 408 652 in
423 589 472 654 bis
508 591 641 668 entibus,
661 615 732 677 quae
752 592 926 656 firmissima
942 592 1121 658 valetudine
1142 617 1178 658 ac
1197 593 1333 658 saluber·

266 675 356 739 rimis
379 613 559 774 corporisne
581 685 736 750 'utuntur3
761 678 804 742 sic
824 678 924 741 minor
937 692 1094 743 oratorum
1109 679 1330 763 obscuriorque

260 760 359 848 gloria
373 775 419 826 est
431 775 511 826 mter
529 763 626 826 bonos
645 785 758 841 mores,
782 775 814 827 et
833 764 866 827 iu
886 764 1072 850 obsequium
1091 764 1226 851 regentis
1244 761 1333 849 parri·

261 862 318 910 tos.
364 846 450 925 Quid
470 847 552 911 enim
574 869 654 944 opus
677 863 723 913 est
744 849 847 936 longis
866 850 900 912 iu
924 851 1041 913 Senatu
1067 850 1233 927 sententiis,
1259 869 1331 912 cum

262 932 373 1030 optimi
390 932 451 996 cito
469 937 684 998 consentiant?
715 934 794 1020 qnid
814 935 921 998 multis
939 934 1025 1021 apud
1046 957 1088 1033 po
1110 935 1199 1000 ulum
1212 933 1333 998 concio·

264 1018 370 1095 nibus,
384 1041 455 1082 cum
470 1017 509 1082 de
524 1018 699 1105 Republica
712 1043 775 1084 non
789 1019 821 1083 in
862 1019 912 1084 riti
927 1019 1064 1084 etmulti
1099 1020 1257 1098 diberent,
1277 1017 1332 1082 sed

264 1102 506 1190 sapientissimus
520 1117 552 1168 et
565 1108 670 1166 unus?
696 1104 775 1189 quid
786 1043 969 1170 voltintariis
982 1105 1243 1182 adcusationibuS,
1258 1125 1331 1166 cum

265 1202 329 1268 tam
344 1211 413 1252 raro
428 1202 537 1253 ettam
552 1209 644 1274 parce
664 1195 832 1275 peccetur?
866 1191 944 1276 quid
957 1191 1115 1255 invidiosis
1132 1205 1165 1255 et
1183 1189 1334 1254 exoeden-

267 1274 352 1338 tibus
370 1273 499 1337 modum
518 1273 756 1353 defensionibus
780 1299 852 1340 cum
873 1277 1034 1342 clementia
1051 1276 1261 1363 cognoscentis
1278 1273 1334 1342 ob·

264 1359 347 1425 viam
359 1358 604 1446 periclitantibus
614 1364 687 1424 eat?
710 1361 846 1440 Credite,
861 1361 980 1449 optimi,
995 1361 1073 1426 etin
1087 1373 1239 1448 quantum
1254 1382 1335 1457 opus

264 1458 321 1521 est,
344 1443 532 1508 disertissimi
554 1444 623 1523 viri,
655 1445 680 1509 si
708 1460 764 1511 aut
784 1470 840 1511 vos
862 1447 1020 1534 prioribus
1041 1447 1171 1526 saeculis,
1194 1444 1332 1522 antisti,

265 1551 345 1615 quos
366 1529 526 1608 miramur,
550 1530 598 1594 his
617 1531 682 1595 nati
703 1546 815 1612 essent,
835 1556 871 1598 ac
886 1535 975 1597 Deus
987 1532 1100 1619 aliquis
1113 1532 1192 1597 vitas
1205 1543 1332 1607 vestras,

265 1628 369 1678 vestra
387 1628 538 1702 tempora,
556 1629 682 1702 repente
702 1630 863 1696 mutasset,
884 1641 941 1681 nec
959 1617 1048 1681 robis
1065 1640 1185 1681 summa
1199 1616 1252 1679 illa
1265 1614 1335 1678 laus

266 1714 298 1763 et
333 1698 454 1765 loriain
468 1700 654 1788 eloquentia,
674 1725 776 1789 neque
797 1703 857 1767 illis
878 1702 989 1767 modus
1003 1715 1034 1767 et
1045 1715 1334 1788 temperamentum,

268 1723 429 1851 deiuisset,
480 1788 585 1864 Nunc,
614 1788 762 1873 quoniam
786 1811 878 1853 nemo
903 1788 1012 1852 eodem
1039 1801 1179 1874 tempore
1206 1784 1335 1871 adsequi

266 1883 368 1957 potest
385 1892 530 1969 magnam
553 1873 669 1936 famam
683 1887 714 1936 et
728 1896 874 1960 magnam
895 1873 1041 1960 quietem,
1060 1873 1144 1936 bono
1165 1871 1268 1936 sae'culi
1285 1870 1336 1934 sui

266 1956 409 2043 quisque,
424 1973 500 2022 citra
515 1959 768 2028 obtrectationem
782 1959 919 2038 alterius,
935 1972 1050 2024 utatur.

175 2061 181 2070 ·
224 2053 230 2068 ’
285 2043 430 2105 .XLll.
454 2042 592 2107 Finierat
606 2043 780 2108 Maternus.
817 2048 902 2108 Tum
918 2044 1071 2108 Messala:
1093 2045 1205 2120 Erant,
1220 2041 1337 2127 quibus
1388 2101 1394 2116 ,

183 2172 188 2186 .
266 2127 525 2199 contradicerem
551 2141 649 2202 erant,
670 2128 710 2190 de
729 2128 846 2224 quibus
863 2126 956 2212 plura
976 2127 1036 2191 dici
1056 2125 1179 2203 bellem,
1194 2126 1253 2190 nisi
1269 2127 1337 2212 jam

267 2212 333 2277 dies
354 2225 433 2274 esset
452 2226 589 2275 exactus.
633 2213 715 2290 Fiet,
737 2212 840 2298 1nquit
860 2211 1035 2290 Maternus,
1057 2225 1165 2297 postea
1185 2211 1338 2276 arbitratu

180 2333 184 2342 =
234 2345 237 2352 .
271 2313 347 2368 tuo;
364 2307 395 2358 et
409 2295 433 2358 si
448 2318 512 2380 qua
527 2295 583 2359 tibi
596 2295 774 2360 obscuraiu
791 2297 850 2360 hoc
869 2319 939 2360 meo
960 2317 1099 2360 sermone
1119 2295 1185 2359 visa
1198 2311 1282 2374 sunt,
1297 2296 1338 2359 de
1412 2308 1416 2317 “

270 2383 318 2446 bis
332 2387 440 2444 rursus
454 2379 656 2446 conferemus.
693 2384 756 2460 Ac,
772 2381 862 2446 simul
875 2382 1055 2468 adsurgens,
1070 2393 1101 2444 et
1116 2381 1241 2467 Aprum
1255 2403 1338 2445 com-

293 2467 392 2543 lexuS,
415 2467 499 2551 Ego,
519 2465 631 2552 inquit,
648 2482 677 2531 te
692 2468 802 2554 poetis,
825 2467 972 2545 Messala,
988 2465 1180 2552 antiquariis
1198 2467 1339 2532 crimina·

270 2489 386 2618 iiimur.
431 2553 479 2614 At
494 2575 552 2636 ego
566 2575 621 2615 vos
634 2547 812 2617 rhetoribus
827 2564 858 2617 et
873 2551 1072 2629 scholasticis,
1086 2550 1198 2637 inquit.

308 2637 390 2700 Cum
407 2634 594 2713 adrisissent,
610 2636 818 2703 discessimus.

267 2807 357 2918 paon.
381 2807 440 2855 Nou
449 2809 508 2868 steri
525 2805 615 2876 volebat
629 2818 652 2858 et
663 2808 787 2868 Schelius3
822 2807 890 2860 Brut.
912 2811 999 2862 Similis
1010 2809 1062 2859 finis
1072 2819 1106 2858 cat
1116 2809 1180 2874 apud
1188 2810 1236 2858 Cic.
1243 2811 1272 2857 de
1283 2809 1342 2859 Nat.

282 2881 363 2919 sustra-
822 2877 938 2924 Deomm.

303 2937 421 2992 Quomodo
431 2935 520 2998 tamn]
532 2933 621 2986 Heuin.
634 2937 663 2996 Q.
673 2940 744 2986 cuim.
856 2942 992 3003 Sapientiae.
1004 2948 1027 2988 ct
1038 2937 1111 3000 anm]
1125 2938 1290 3002 Vespasianus.
1301 2939 1340 2986 Cf·

201 3015 206 3027 *
302 3002 343 3048 Sic
360 3001 438 3048 mloor
453 3005 585 3067 motorum]
604 3004 657 3051 Vet.
674 3002 729 3050 edit.
744 3003 787 3050 ad·
824 3002 886 3052 Plin.
898 3007 923 3064 2,
935 3007 950 3062 7
961 3003 1009 3068 (5).

270 3063 330 3112 dunt
340 3065 431 3112 homm-
464 3065 542 3114 Rbeu.
553 3069 611 3116 bene
621 3066 721 3115 sustulit.
861 3067 926 3116 Vetas
945 3067 1044 3133 vestrae]
1066 3069 1159 3115 Vestras
1176 3066 1241 3114 deest
1256 3067 1283 3113 in
1300 3067 1338 3115 cd.

305 3131 366 3178 Cum
378 3131 708 3194 opttmactmcmnenttanttl
724 3130 790 3194 Lego
823 3143 867 3180 ret.
887 3133 1015 3183 Rhenanus
1028 3123 1118 3193 Mindi,
1145 3129 1213 3178 Idem
1227 3130 1292 3178 dedit
1301 3147 1342 3180 oc.

273 3206 327 3239 ram
334 3195 435 3254 optimis.
444 3194 792 3259 Redolphusautemmumcpti-
810 3211 868 3258 ‘quc
878 3199 943 3244 illis:
954 3198 1018 3261 prins
1029 3204 1077 3244 erat
1086 3211 1158 3257 acque
1166 3197 1225 3242 illos.
1241 3196 1302 3243 Mox
1310 3197 1341 3244 ad

274 3271 313 3302 naa
320 3259 523 3306 dtooenseantur?
539 3263 563 3307 A
570 3260 616 3308 fine
626 3268 704 3308 autem
713 3259 791 3315 libelli,
823 3269 1028 3323 &reparamentum
1036 3259 1101 3308 addit
1107 3259 1177 3307 Acid.
1188 3262 1213 3306 ia
1222 3262 1296 3309 remis
1304 3261 1343 3308 vel

273 3321 708 3381 utcuivisvidercestmulta'desnnt,
723 3332 793 3386 atque
824 3329 995 3374 certaminibus.
1126 3376 1129 3384 ,
1195 3360 1200 3372 .

273 3383 332 3430 adeo
348 3387 463 3448 precipua
477 3386 640 3435 dissertationis
654 3403 713 3451 pars.
747 3387 793 3436 Sed
856 3393 931 3438 Boas
941 3387 1342 3450 sec.s.qaiaquc]MSS.Vat.bouo

275 3448 340 3505 mihi,
356 3463 409 3496 cum
427 3450 486 3509 Deo,
504 3466 575 3513 pausa
590 3452 738 3509 bicetfinis3
755 3452 793 3501 cui
824 3470 869 3502 aa.
899 3454 944 3502 uod
953 3453 1141 3503 meliuanidetur.
1156 3453 1228 3502 Eun.
1245 3453 1343 3516 Recipis

274 3511 378 3573 gratiaet
386 3513 458 3575 gloria
466 3514 490 3560 in
498 3524 615 3564 aetemum.
628 3517 706 3578 Lura.¹
714 3517 793 3566 Rbeu.
824 3471 946 3582 semiim·
1154 3530 1155 3533 ’

242 3591 244 3598 ⁴
273 3577 332 3650 bene
343 3586 428 3631 monet.
442 3577 489 3641 legi
502 3594 569 3643 posse
580 3585 670 3643 optimi.
706 3582 794 3631 Probat
857 3580 1021 3645 Aathu'ariir]
1035 3582 1111 3631 Vetus
1124 3583 1182 3631 liber
1193 3583 1344 3632 Pithmictm

273 3639 343 3689 Aou.
376 3641 521 3696 Recentiores
550 3647 651 3694 certatim
682 3662 793 3710 recepere.
825 3650 974 3709 amicari-ils.

273 3702 329 3752 Nou
345 3705 460 3769 integmm
476 3723 527 3770 csse,
535 3708 579 3758 hae
588 3721 653 3774 parte
663 3713 791 3774 dialogum,
856 3710 1342 3778 scegoJSchurzuAtAper,ve1Arec‚

262 3766 356 3819 trustra
367 3771 470 3834 queritur
481 3773 583 3838 Lipsius,
600 3785 627 3824 ut
641 3777 699 3846 bene
712 3783 792 3825 monet
825 3778 886 3839 Ego·
918 3779 1068 3842 Nonopua.¹
1162 3819 1166 3826 .
1320 3782 1323 3786 '
