3034 4967
218 264 274 322 uo
545 259 576 321 ι,
595 257 719 354 mrsu
740 259 962 323 excussus

213 420 529 502 pellucidam'restem,
548 421 748 500 pellucsntsm
762 433 873 502 togam,
885 424 1017 503 taliaque
1036 423 1123 501 legis,
1137 423 1236 503 capito
1249 425 1288 483 de

217 501 469 570 serica,autCoa.
509 501 661 562 luvenalis
676 507 706 572 2,
717 505 765 568 77·
806 502 884 560 Acer
896 503 1089 563 etindomitaa
1098 503 1291 581 libertatisque

215 582 357 659 magister,
375 579 491 650 Cretica,
501 579 650 656 pellaces:
665 581 794 659 ceperim
809 579 847 638 de
861 582 964 641 serica.
1004 581 1139 640 Tibullus
1152 583 1191 639 de
1203 582 1288 638 born-

213 659 323 736 bycina
337 663 365 728 2,
381 663 410 729 3,
425 663 475 720 53.
514 657 574 716 Illa
584 670 671 737 gerat
685 670 778 720 tenues
792 667 885 727 uestra,
900 663 1088 739 quassemina
1105 660 1165 720 Coa
1183 660 1289 718 Tenuit

215 745 335 795 auratas
350 737 541 817 disposuitque
554 739 636 796 aias:
658 752 688 797 et
706 738 851 795 Horatius
865 737 958 798 Serm.
976 744 1001 807 l,
1015 744 1044 808 2,
1064 743 1129 798 101.
1142 738 1234 797 altem
1247 736 1290 795 nil

212 815 303 906 obsmt
317 815 386 908 Cois·
396 816 458 876 tihi.
499 816 601 907 §erice
615 818 733 894 quando
748 815 883 874 venerint
893 817 923 874 in
937 837 1032 908 usum,
1045 816 1213 908 planissime
1226 835 1287 906 uon

211 912 291 1029 tlt,
303 894 1286 1050 tttt‘ttdtltiaetttttltrltffittlltltttttltttt‘lt

212 1048 272 1107 Dio
283 1049 374 1108 refert
387 1056 437 1120 43,
452 1054 500 1111 24.
541 1051 613 1108 Eam
627 1064 738 1110 vestem
748 1049 999 1110 etiamMedicam
1010 1052 1130 1121 dictam,
1141 1051 1284 1128 scriptum

211 1127 331 1206 reliquit
345 1129 506 1207 Procopius
522 1129 559 1186 de
573 1130 658 1188 Bello
674 1130 753 1188 Pers.
771 1133 797 1198 l,
809 1133 857 1189 20.
888 1129 1007 1188 Genera
1018 1133 1081 1206 ejus
1091 1130 1172 1188 facta
1182 1139 1285 1207 postea

212 1204 386 1277 holoserica,
401 1207 561 1275 subserica,
578 1226 707 1288 ususque
718 1208 830 1288 primus
842 1208 1008 1279 holoserica
1021 1207 1202 1286 Elagabalus
1214 1231 1222 1277 ς
1246 1205 1284 1263 de

212 1303 272 1362 quo
286 1285 335 1344 adi
348 1285 499 1365 Lamprid.
515 1305 541 1348 c.
556 1289 605 1345 26.
624 1321 627 1330 ·

727 1519 766 1585 K.

658 1681 749 1741 CAP.
770 1679 850 1741 LIX.

222 1851 227 1864 ·
251 1837 344 1903 Quou
358 1836 408 1908 ait,
422 1838 546 1916 pedibus
561 1836 689 1908 intectis,
708 1857 769 1896 non
789 1837 877 1916 plane
890 1855 992 1894 rerum
1013 1845 1068 1904 est,
1085 1835 1182 1893 sedin
1203 1855 1282 1894 com·

211 1917 364 1993 paratione
383 1936 451 1975 cum
466 1917 573 1976 calceis
597 1915 738 1975 Romanis
748 1944 757 1992 3
781 1915 831 1994 qui
846 1914 1003 1982 altiusculi‚
1021 1933 1081 1971 non
1096 1915 1190 1972 solum
1209 1915 1283 1972 imos

211 1993 314 2072 pedes,
329 1995 383 2053 sed
397 1996 482 2054 tibias
496 1996 635 2053 velabant
649 2015 734 2053 crure
746 2009 842 2053 tenus.
882 1993 1024 2052 Horatius
1037 1991 1133 2050 Serm.
1148 1997 1175 2062 l,
1189 1997 1220 2062 6,
1234 1995 1283 2055 27.

281 2117 288 2132 .
308 2073 399 2149 nigris
419 2075 538 2134 medium
554 2073 683 2150 impediit
699 2093 763 2131 crus
782 2071 921 2130 Pellibus.
963 2070 1109 2127 Titinnius
1130 2070 1159 2127 in
1182 2071 1285 2128 Setina

210 2151 291 2242 apud
312 2149 434 2209 Festum
457 2153 487 2208 in
508 2151 633 2210 malleus.
687 2151 756 2207 Jam
779 2171 841 2207 cum
863 2148 971 2206 mulleis
993 2160 1022 2204 te
1042 2149 1195 2218 ostendisti,
1215 2169 1295 2226 quos»

212 2223 335 2289 latiatim
348 2229 464 2287 calceas.
506 2227 704 2286 Tertullianus
719 2227 756 2284 de
773 2226 867 2284 Pallio
879 2230 909 2286 4.
949 2227 1065 2305 impuro
1084 2227 1163 2283 mari
1175 2249 1283 2307 purum

210 2317 261 2366 out
283 2305 441 2364 mulleolum
465 2307 574 2366 inducit
597 2308 729 2364 calceum.
772 2305 812 2363 Et
834 2315 932 2363 exstat
953 2303 1123 2380 exemplum
1143 2304 1232 2364 hodie
1253 2307 1282 2363 in

211 2383 320 2444 calceis
329 2383 494 2442 Turcarum
502 2385 789 2462 Pannoniorumque.
810 2387 851 2443 At
859 2383 996 2460 crepidae,
1006 2381 1106 2452 soleae,
1117 2381 1283 2460 plantarum

212 2462 312 2522 calces
338 2473 452 2521 tuntum
479 2464 551 2522 imas
574 2465 725 2540 tegebant,
751 2463 857 2522 ceteris
885 2461 949 2520 iere
973 2460 1068 2518 nudis.
1108 2461 1182 2518 ldeo
1205 2464 1282 2524 bene

210 2552 322 2613 noster,
332 2541 453 2622 pedibus
467 2543 585 2602 intectis·
627 2543 717 2600 Hunc
732 2561 851 2600 sensum
863 2540 961 2598 firmat
980 2539 1053 2616 ipse,
1069 2539 1138 2598 dum
1158 2543 1277 2612 subdit;

211 2618 252 2680 P.
275 2620 416 2697 Scipionis
435 2621 624 2690 emulatione,
647 2640 726 2698 quem
744 2621 841 2679 eodem
849 2619 1035 2698 fictitooime
1055 2617 1132 2698 apud
1155 2619 1283 2680 Siciliam

210 2699 374 2776 accepimus.
416 2697 516 2774 Scipio
530 2709 629 2757 autem
643 2699 684 2756 ibi
699 2698 876 2775 crepidatus.
917 2697 1018 2754 Livius
1033 2701 1081 2764 29,
1099 2701 1145 2758 19.
1186 2700 1283 2790 Ipsius

210 2777 296 2836 etiam
320 2776 503 2856 Imperatoris
522 2798 575 2836 non
597 2777 743 2836 Romanus
764 2778 855 2845 niodo,
877 2777 928 2835 sed
950 2797 984 2834 ne
1002 2775 1136 2834 militaris
1159 2780 1281 2855 quadam,

211 2853 303 2914 cultus
307 2853 478 2932 jactabatur
483 2883 494 2928 ,·
516 2877 578 2915 curn
586 2855 679 2936 pallio
693 2855 870 2933 crepidisque
887 2854 1062 2914 inambulare
1080 2855 1111 2911 in
1124 2861 1284 2945 gymnasio.

211 2933 301 3000 Quod
314 2943 413 2991 tamen
427 2934 515 2993 molle
529 2947 560 2993 et
574 2933 773 2994 effeminatum
788 2933 982 2992 censebatur:
1004 2943 1035 2990 et
1049 2931 1192 2991 Manilius
1208 2934 1282 2993 deli-

211 3023 294 3072 catos
308 3011 429 3088 insignit
441 3012 498 3072 hac
511 3024 583 3072 nota
596 3017 626 3082 5,
642 3016 706 3073 152.
738 3012 883 3070 Femineae
891 3021 988 3082 aestuo,
1000 3031 1082 3069 neae
1090 3009 1150 3068 sine
1158 3012 1284 3090 tegmine

204 3089 327 3172 plantor.
367 3089 412 3148 Ut
437 3090 570 3168 Scaliger
598 3090 776 3158 emendavit,
796 3090 859 3151 ,esti
882 3099 968 3148 vetus
990 3089 1089 3159 lectio,
1110 3109 1159 3148 nec
1184 3094 1283 3150 ineunt

209 3174 337 3248 tegmina
347 3195 357 3227 .·
379 3187 417 3226 ex
431 3188 491 3246 qua
504 3171 664 3239 tentabam,
679 3189 729 3227 nec
744 3169 775 3226 in
790 3177 868 3227 utum
881 3168 1016 3246 tegmina.
1055 3167 1184 3226 Dionem
1193 3169 1282 3228 etiam

162 3243 166 3250 ’
209 3265 270 3305 non
281 3247 365 3306 aliter
373 3247 511 3315 exaudio,
522 3247 561 3306 de
571 3245 713 3326 Caligulae
721 3246 798 3305 ludis
808 3249 881 3315 59,7
894 3271 901 3304 :
924 3245 970 3305 nol
981 3245 1045 3322 ἐξῆν
1053 3245 1101 3306 uel
1109 3245 1281 3324 ἀνυποδήτοις

209 3321 389 3402 βουλομένοις
408 3325 588 3395 θεάσασθαι,
609 3322 782 3404 νομιζόμενοι
795 3323 846 3402 μὲν
858 3342 908 3385 noa
922 3321 976 3383 cini
997 3323 1047 3383 rori
1059 3324 1130 3382 adra
1148 3322 1282 3421 tippulae,

210 3401 258 3463 nal
278 3401 393 3469 δικάζειν
410 3419 488 3471 τινας
500 3407 519 3443 “
544 3404 573 3462 ἐν
592 3403 634 3484 τῷ
655 3403 729 3484 θέρει
749 3398 844 3473 οὕτως,
868 3401 918 3464 nal
937 3402 1076 3468 πολλάκις
1095 3400 1143 3460 nal
1164 3420 1212 3462 oro
1233 3403 1284 3462 rori

208 3482 254 3542 Aa
279 3480 373 3541 adarca
386 3480 414 3539 ἐι
424 3485 484 3548 ταῖς
495 3483 616 3560 θεριναῖς
626 3483 797 3562 πανηγύρεςι
805 3479 962 3561 γενόμενοι,
973 3479 1122 3557 ἐκλειφθὲν
1132 3479 1160 3538 δὲ
1173 3478 1281 3542 liniaci

209 3502 346 3640 Trliiplou.
385 3558 444 3617 Ubi
458 3559 639 3638 discaltiatus
654 3581 723 3619 vere
736 3558 869 3629 verteris,
884 3560 1011 3616 soleatos
1029 3569 1081 3616 aut
1092 3558 1280 3636 crepidatus:

231 3637 359 3698 uomodo
374 3636 462 3696 etiam
477 3640 611 3698 convivia
624 3639 852 3717 frequentabant
861 3637 998 3706 Romani,
1010 3636 1119 3695 calceis
1132 3637 1196 3714 (qui
1204 3637 1280 3696 inter

210 3656 340 3776 iorensia
367 3717 578 3794 censebantur)
601 3719 722 3778 omissis.
764 3715 799 3772 In
820 3716 899 3774 omni
925 3735 997 3792 ergo
1023 3714 1204 3784 remissione,
1227 3735 1282 3792 per

211 3795 354 3864 convivia,
376 3813 430 3872 per
449 3794 544 3865 ludos,
569 3815 622 3874 per
647 3797 750 3866 otium,
776 3792 903 3853 Romani
927 3793 1040 3853 solenti.
1089 3792 1170 3852 Nota
1192 3795 1281 3852 etiam

212 3873 363 3932 Ciceronis
384 3873 547 3951 increpatio
569 3875 599 3931 in
623 3873 756 3945 Verrem,
780 3871 832 3952 qui
856 3874 887 3930 in
908 3871 1008 3930 littore
1029 3870 1177 3940 soleatus;
1199 3883 1230 3930 et
1250 3873 1304 3929 in·

211 3951 385 4022 Antonium,
399 3953 449 4031 qui
463 3952 586 4012 Gallicis
599 3953 728 4012 indutus.

242 4107 394 4171 ’Intelllgit
407 4109 527 4173 oannem,
544 4111 573 4158 de
587 4125 632 4172 quo
643 4079 772 4158 eluunt:
788 4112 815 4156 in
829 4112 880 4173 ejus
891 4112 1023 4158 uitoc.44.
1035 4125 1064 4170 p.
1077 4111 1134 4156 260.
1152 4105 1282 4162 imiimi
1312 4146 1314 4152 ,
1418 4163 1421 4167 ,

211 4171 248 4286 *pl
259 4173 342 4236 ἀχίτων
353 4175 467 4229 πολλάκις
478 4175 511 4223 inl
522 4175 548 4225 το
559 4177 624 4236 βῆμα
635 4175 817 4238 προσερχόμενος,
831 4175 867 4221 καὶ
878 4174 1001 4228 θαιατιιιὰς
1016 4173 1077 4224 δίκαι
1094 4171 1149 4218 otro
1163 4169 1282 4234 liparitinus,

209 4249 222 4296 ‘i
232 4250 251 4284 θ·
540 4286 545 4293 .
