3034 4967
352 267 380 324 J.
394 265 517 326 LIPSIl
540 265 761 325 EXCURSUS
785 267 843 324 AD
863 263 1026 323 ANNALj
1040 266 1115 324 LlB.
1136 264 1186 322 lv.
1250 264 1301 319 151

233 424 412 501 sequebatur
440 425 471 482 id
498 424 610 483 crimen
635 424 835 500 Magistratus,
867 434 897 481 et
922 422 1085 501 praesertim
1106 420 1233 491 AEdilis;
1262 437 1299 476 ac

234 500 387 560 damnatos
409 503 616 579 damnatasque
636 503 716 581 apud
729 503 872 581 populum
886 501 1001 579 reperio
1015 499 1185 578 pecuniaria
1198 497 1299 566 multa,

232 578 293 638 imo
307 581 409 639 exsilio
423 582 579 640 interdurn.
621 581 768 658 Exempla
780 581 890 640 adduxi
905 600 993 657 supra
1006 585 1036 651 2,
1051 584 1098 639 85.
1118 579 1156 636 de
1169 576 1302 643 Vistilia3

235 668 266 716 et
276 679 355 718 nunc
370 680 427 718 non
441 681 562 738 repono.
604 661 689 720 Adde
705 681 721 717 e
736 660 854 718 Valerio
866 665 895 728 6,
909 665 936 728 l,
950 664 976 719 8.
997 660 1035 716 de
1047 660 1101 717 Cn.
1113 657 1217 732 Sergio
1227 655 1299 725 Silo,

232 739 278 810 cui
289 741 489 818 promissorum
510 740 716 820 matrifamiliae
735 760 908 798 nummorum
924 739 1024 815 gratia
1044 738 1103 796 dies
1115 737 1156 795 ad
1164 736 1301 815 populum

234 817 322 886 dicta,
338 818 547 895 damnatusque.
588 821 653 878 Nec
674 819 758 896 plura
779 817 893 895 reperio
913 837 1010 894 prisco
1030 836 1101 874 aevo.
1141 815 1206 872 Lex
1221 812 1302 871 lulis

233 906 337 955 secute
348 907 402 964 est,
414 897 529 956 ferente
540 902 685 976 Augusto.
718 899 811 958 Poena
822 899 885 974 ejus
899 897 929 952 in
940 895 1086 954 volumine
1097 894 1299 970 Digestorum,

235 974 314 1053 quod
325 975 472 1045 miremur,
483 997 542 1034 non
553 996 709 1055 expressas
730 989 761 1034 et
774 975 842 1034 ideo
855 995 965 1032 serram
979 973 1055 1032 inter
1069 993 1101 1031 se
1115 973 1301 1048 reciprocant

233 1053 286 1110 viri
297 1053 388 1113 docti.
430 1056 594 1131 Capitalem
605 1076 669 1114 eam
682 1055 770 1112 faisse
781 1055 879 1132 plures
889 1065 1053 1120 senserunt,
1065 1051 1301 1128 deterioresque;

234 1131 445 1208 relegationem
462 1145 585 1202 tanturn,
595 1135 681 1212 pauci
701 1133 837 1212 bonique.
878 1132 918 1190 Et
929 1131 1041 1190 Hercle
1051 1151 1110 1188 non
1120 1129 1176 1189 fuit
1186 1149 1264 1187 mors
1272 1130 1301 1184 *.

233 1211 283 1270 Ex
298 1210 395 1270 Taciti
409 1213 505 1270 verbis
518 1219 549 1279 3,
564 1218 612 1274 24.
642 1215 679 1272 de
692 1214 711 1272 J
715 1213 773 1271 ulia
786 1211 846 1270 filia
859 1212 1016 1290 neptique:
1039 1208 1190 1268 Adulteros
1203 1229 1301 1267 earum

235 1299 324 1348 morte
336 1299 385 1349 aut
392 1293 476 1370 fuga
490 1295 617 1370 punivit:
631 1292 729 1352 statim
751 1311 788 1348 ue
800 1291 892 1356 addit,
906 1292 1028 1367 culpans
1042 1291 1208 1365 Augustum
1221 1311 1228 1355 ;
1246 1289 1302 1345 cle·

234 1369 367 1427 mentium
380 1373 519 1449 mimorum
532 1393 651 1450 suusque
664 1373 722 1451 ipse
730 1313 810 1449 leges
823 1370 1028 1448 egrediebatur.
1067 1371 1145 1426 Nam
1163 1366 1303 1442 intelligit

235 1447 329 1507 Julias
343 1448 434 1525 leges.
477 1450 524 1508 Ne
539 1452 672 1508 exsilium
688 1449 819 1527 quidem,
832 1468 870 1506 err
886 1448 990 1506 eodem
1004 1448 1088 1514 locor
1108 1447 1151 1503 sic
1167 1445 1244 1502 enim
1258 1445 1303 1502 in-

235 1536 391 1604 terpretor,
406 1527 524 1604 sugam3
538 1540 568 1586 et
582 1549 620 1588 ex
634 1530 701 1596 hoc,
717 1528 767 1604 qai
780 1528 809 1584 in
823 1527 967 1596 manibus,
988 1525 1037 1584 ubi
1052 1525 1188 1584 Tiberius
1201 1537 1305 1583 contra

234 1605 332 1682 legem
340 1603 458 1674 duliam,
468 1609 652 1666 severitatem
662 1606 856 1682 pervicaciter
866 1605 1030 1682 amplexus,
1043 1602 1191 1680 Aquiliam
1202 1604 1303 1662 exsilio

236 1683 364 1742 damnat.
405 1684 549 1744 Exsilium
567 1687 709 1764 intelligo,
728 1696 915 1763 perpetuum,
930 1684 1008 1762 quod
1024 1685 1062 1742 sit
1076 1684 1141 1742 vice
1168 1683 1304 1760 deporta·

152 1811 158 1819 ,
237 1762 334 1820 tionis.
375 1761 446 1821 Esto
467 1764 557 1840 igitur
576 1765 726 1842 relegatio.
768 1763 850 1822 Facit
866 1764 924 1820 huc
939 1763 1012 1820 illud
1025 1763 1122 1821 Taciti
1136 1762 1173 1819 de
1187 1762 1304 1819 Vistilia

234 1843 276 1900 A.
288 1845 318 1909 2,
329 1845 376 1902 85.
418 1844 517 1919 anue
526 1844 554 1900 in
563 1843 684 1902 insulam
696 1845 758 1901 Seri
778 1845 831 1900 Iron
843 1841 940 1900 abdita
950 1850 990 1899 est
996 1863 1011 1908 5
1032 1843 1064 1898 id
1077 1852 1131 1910 est,
1142 1841 1171 1897 iu
1181 1841 1304 1899 insulam

236 1919 384 1996 relegata:
406 1930 436 1977 et
448 1921 546 1993 paullo
561 1922 733 1978 clementius
748 1865 786 1978 rie
799 1919 922 1989 Manlio,
932 1920 1113 1994 relegatione
1126 1918 1251 1996 simplici
1265 1919 1305 1980 ib.

237 2001 266 2068 2,
286 2002 335 2058 50.
376 1999 515 2056 Adultera
531 2000 647 2058 Manlia
665 1999 771 2078 Asrica
784 2009 871 2076 atque
886 1998 973 2057 ltalia
988 1997 1176 2057 interdictum.
1216 2000 1306 2056 Juvat

236 2077 349 2154 aliquid
370 2076 443 2133 illud
464 2077 573 2144 Ovidii,
595 2079 644 2156 qui
665 2079 702 2136 ob
723 2078 900 2159 adulterium
921 2077 1075 2134 damnatus
1093 2077 1180 2135 Trist·
1193 2081 1222 2145 2,
1241 2080 1305 2142 137.

236 2155 372 2234 Namque
385 2157 536 2234 relegatus,
550 2179 606 2216 uon
620 2159 709 2227 exsul,
721 2157 806 2214 dicor.
848 2155 888 2212 Et
901 2155 1029 2222 rationes
1043 2156 1176 2233 quadam
1190 2176 1229 2214 ex
1240 2159 1307 2234 jure

235 2235 364 2312 scripto:
386 2253 455 2312 quas
468 2247 539 2314 pete
552 2255 569 2294 a
581 2236 702 2313 anacio
717 2235 873 2294 Observat.
887 2239 914 2302 6,
929 2239 974 2294 ll.
1013 2235 1114 2294 Nodos
1127 2235 1231 2312 aliquis
1241 2255 1306 2294 esse

237 2315 330 2390 possit
350 2313 378 2369 in
392 2315 596 2373 iurisconsulti
610 2315 706 2374 verbis
720 2315 757 2372 ad
771 2315 790 2372 l.
806 2313 932 2374 duliam:
954 2313 1098 2374 Adulterii
1111 2315 1272 2374 damnatam
1283 2315 1308 2376 si

238 2395 300 2473 quis
310 2393 422 2452 duaerit
432 2413 551 2462 uaurem,
565 2396 625 2473 lege
636 2395 732 2453 eudem
744 2403 874 2460 teneturr
897 2393 973 2470 quod
987 2392 1091 2450 tollere
1105 2393 1219 2454 videtur
1229 2391 1306 2452 rele-

240 2471 399 2550 gationem.
439 2471 479 2546 Et
498 2473 527 2530 in
549 2474 645 2530 verbis
667 2473 762 2531 Porcii
783 2471 929 2538 Latronis,
951 2492 1016 2549 quae
1035 2491 1139 2547 supra:
1166 2474 1306 2551 equibus

238 2550 351 2608 mulcta
370 2549 446 2608 dotis
461 2551 565 2609 saltem
580 2557 642 2609 erui
656 2562 753 2628 potest
767 2563 798 2609 et
810 2550 937 2608 infamiae
951 2562 1030 2609 nota.
1070 2550 1193 2609 Porcius
1207 2565 1307 2610 autem

237 2630 381 2710 posterior
391 2632 409 2688 J
412 2629 470 2687 ulia
479 2629 556 2706 lege.
583 2632 687 2690 Dicam
699 2650 780 2698 vere,
792 2649 894 2707 parum
906 2641 988 2687 certa
998 2648 1045 2686 res
1054 2640 1117 2696 est;
1129 2639 1160 2687 et
1169 2632 1307 2708 exempla

241 2707 438 2784 relegationis,
452 2728 520 2786 quae
536 2709 565 2765 in
584 2710 705 2768 historia
719 2710 747 2767 in
762 2709 892 2786 personis
907 2707 1030 2776 eximiis,
1043 2707 1134 2766 videri
1154 2721 1307 2784 possunta

238 2787 396 2846 severitate
413 2787 592 2865 Principum,
606 2808 665 2846 non
679 2809 697 2846 a
709 2789 795 2864 lege:
817 2787 956 2862 aliudque
976 2798 1123 2844 servatum
1137 2788 1262 2848 i'ortasse
1275 2789 1306 2846 in

238 2864 389 2923 hominum
409 2865 508 2942 vulgo.
548 2869 589 2925 Ni
607 2867 721 2937 fuisset,
735 2886 794 2925 non
814 2866 871 2924 illae
889 2877 947 2924 tam
966 2864 1139 2942 frequentes
1156 2880 1255 2926 essent
1269 2868 1306 2927 de

240 2943 392 3002 adulteriis
406 2944 485 3021 apud
498 2946 655 3020 scriptores
670 2945 701 3003 id
714 2945 769 3004 aevi
780 2944 918 3022 querelae.
953 2942 1067 3001 Seneca
1078 2945 1167 3002 audet
1177 2946 1307 3006 scribere

239 3021 441 3091 deBenef.3,
459 3028 504 3083 16.
545 3025 693 3102 Numquid
704 3026 771 3100 jam
788 3022 861 3081 ullus
878 3021 1020 3080 adulterio
1035 3021 1131 3098 pudor
1149 3027 1215 3082 est?
1254 3033 1308 3082 ost·

241 3122 326 3182 quam
339 3123 371 3160 eo
385 3111 494 3160 uentum
509 3113 559 3172 est,
574 3103 696 3162 utnulla
710 3106 839 3161 maritum
852 3101 963 3168 lrabeat,
978 3101 1033 3158 nisi
1046 3111 1076 3158 ut
1088 3099 1180 3159 irritet
1235 3102 1306 3161 alte-

239 3201 324 3249 rum‚·
347 3179 464 3256 aliaque
475 3181 582 3257 passim
597 3182 725 3260 reperies
741 3183 772 3238 in
790 3201 855 3239 eam
870 3179 1065 3245 sententiam
1084 3198 1188 3254 parum
1201 3182 1307 3256 proba·

238 3257 319 3325 bilia,
340 3258 365 3314 si
386 3259 527 3335 relegatio
548 3272 578 3318 et
597 3260 670 3338 fuga
690 3260 824 3320 adulterii
842 3277 946 3336 poenae.
987 3257 1138 3334 Quidquid
1161 3261 1225 3336 ejus
1245 3270 1306 3319 est:

241 3337 366 3414 capitale
380 3348 484 3415 postea
498 3337 528 3395 id
542 3338 652 3396 crimen
663 3341 786 3408 factum,
799 3350 831 3397 ut
845 3358 882 3396 ex
896 3336 1023 3414 Apuleio
1036 3347 1120 3394 notat
1130 3337 1209 3396 idem
1217 3342 1306 3418 Cuja·

240 3415 303 3474 cius
323 3416 342 3475 l.
362 3435 388 3476 c.
410 3415 458 3474 cui
478 3417 555 3475 adde
576 3418 739 3478 Arnobium
758 3419 778 3476 l.
795 3422 824 3476 4.
846 3417 876 3474 in
896 3416 1003 3474 medio.
1044 3415 1197 3476 Adulteria
1214 3429 1307 3485 tamen

240 3493 351 3574 legibus
366 3494 523 3564 vindicant,
538 3505 565 3556 et
579 3497 749 3575 capitalibus
764 3496 897 3572 orificium
910 3515 956 3554 eos
967 3494 1075 3575 panis,
1088 3516 1157 3574 quos
1169 3496 1202 3556 iu
1216 3497 1308 3561 aliem

240 3572 499 3650 comprehenderint
497 3576 617 3652 foedera
628 3575 752 3656 genialis
765 3596 796 3634 se
809 3574 906 3634 lectuli
920 3577 1126 3654 enpagnatimre
1132 3576 1246 3651 jecisse.
1266 3577 1307 3639 Et

241 3653 340 3734 gladio
354 3652 624 3712 animadverterunt
638 3675 695 3712 non
709 3655 739 3714 iu
753 3654 902 3712 adulteros
914 3653 1016 3723 modo,
1029 3652 1084 3710 sed
1098 3673 1199 3712 omnes
1213 3654 1307 3732 impu-

242 3731 324 3789 dicos
343 3741 593 3812 stupratoresque,
614 3733 796 3792 Wandalicae
812 3733 905 3806 leges,
919 3744 953 3789 ut
971 3731 1030 3808 legi
1044 3733 1124 3807 apud
1139 3731 1307 3792 Saluianum

242 3811 270 3880 7,
282 3814 329 3868 tt.
357 3810 537 3872 Addidemrnt
548 3833 657 3892 quoque
669 3814 722 3872 loc
733 3813 773 3869 ud
784 3810 930 3870 libidinem
942 3811 1187 3901 comprimendam,
1198 3831 1307 3872 severas

235 3889 386 3966 pudicitia
397 3893 555 3950 sanctiones
569 3893 745 3952 decretorum
756 3889 858 3970 gladio
871 3887 1073 3968 impudicitiam
1088 3897 1253 3950 coercentes.

276 4046 290 4073 ¹
312 4048 387 4096 Velim
404 4049 545 4098 cmuiderarr’
560 4054 631 4100 etiam
648 4051 754 4100 Suetonii
771 4051 847 4099 locum
862 4049 886 4096 in
900 4049 965 4110 Aug.
977 4049 1001 4096 5.
1014 4047 1053 4095 nat
1063 4046 1191 4110 graviorem
1202 4050 1310 4100 adulterii

241 4125 333 4175 punam
345 4115 458 4162 nominat.
