3034 4967
599 556 627 641 J
636 558 771 642 USTI
801 560 980 645 LIPSII

662 762 915 829 excussus

768 953 807 989 AD

426 1097 1160 1213 HISTORIARUM

710 1351 790 1413 LIB.
810 1352 866 1411 III.

613 1544 937 1561 Μ

771 1662 808 1717 Α.

293 1812 316 1859 ·
418 1799 426 1809 ’
710 1817 802 1879 cnr.
822 1821 858 1875 v.

289 1973 462 2045 Caranum,
478 1985 511 2033 ut
525 1974 735 2033 transmitteret
749 1975 777 2032 in
793 1974 908 2034 ltaliam
922 1974 1042 2053 impune
1055 1985 1086 2033 et
1099 1993 1135 2034 eo
1150 1975 1214 2034 usui
1228 1976 1314 2047 foret,

246 2056 388 2133 scriptum
403 2053 531 2131 Aponio,
547 2063 580 2110 ut
592 2072 651 2111 una
664 2072 731 2111 curn
745 2053 868 2112 Moesico
883 2054 1017 2111 exercitu
1032 2053 1183 2113 celeraret.
1206 2058 1261 2123 Ac,
1275 2076 1313 2114 ne

152 2135 156 2142 '
244 2134 372 2194 inermes
394 2131 554 2211 provincias
574 2131 704 2190 barbaris
725 2132 892 2189 nationibus
913 2141 1144 2209 exponerentur,
1164 2132 1312 2211 Principes

247 2212 446 2271 Sarmatarum
456 2209 598 2288 Iazygum
613 2212 643 2267 iu
657 2209 859 2268 commilitium
873 2208 977 2269 adsciti
989 2229 997 2277 ;
1018 2210 1136 2287 plebem
1150 2231 1267 2289 quoque
1282 2224 1313 2271 et

245 2290 304 2347 vim
318 2308 335 2347 e
357 2289 460 2357 uitum‚
475 2307 534 2366 qua
547 2288 609 2347 sola
618 2288 725 2357 valent,
740 2288 919 2347 offerebant:
932 2288 1084 2347 remissum
1097 2289 1129 2347 id
1142 2310 1257 2359 munus,
1272 2310 1311 2349 ne

244 2368 322 2429 inter
333 2309 493 2427 discordias
503 2378 627 2426 externa
636 2367 818 2437 molirentur,
829 2386 864 2426 ac
878 2370 987 2444 majore
998 2386 1037 2424 ex
1048 2367 1162 2426 diverso
1172 2369 1310 2427 mercede

241 2450 291 2525 jus
310 2448 415 2525 fasque
435 2457 587 2505 exuerent.
627 2446 798 2504 Trabantur
815 2447 845 2503 In
867 2459 966 2523 partes
988 2445 1059 2504 Sido
1080 2458 1169 2524 atque
1189 2446 1309 2506 Italicus

243 2526 344 2604 Reges
359 2532 530 2594 Sacrorum,
546 2524 651 2602 quibus
664 2535 749 2582 vetus
763 2523 936 2602 obsequium
950 2544 1020 2601 erga
1031 2523 1179 2583 Romanos
1193 2536 1224 2583 et
1237 2545 1309 2603 gens

241 2604 312 2663 fidei
321 2603 482 2678 commissae
489 2602 660 2682 patientior:
676 2604 847 2680 oppositain
857 2603 933 2660 latus
942 2602 1061 2673 auxilia,
1071 2602 1177 2661 infesta
1184 2603 1309 2673 Rhaetia,

243 2682 292 2742 cui
305 2683 427 2742 Porcius
441 2681 598 2761 Septimius
607 2683 785 2739 Procurator
796 2692 868 2752 erat,
883 2681 1061 2760 incorruptae
1075 2701 1146 2759 erga
1156 2681 1309 2740 Vitellium

240 2760 320 2820 fidei.
349 2761 444 2839 Igitur
458 2760 598 2820 Sextilius
608 2758 703 2830 Felix,
715 2779 783 2817 curn
797 2760 843 2819 ala
856 2760 1002 2819 Tauriana
1014 2771 1044 2817 et
1052 2759 1127 2817 VIII
1138 2760 1309 2818 cohortibus

157 2888 161 2896 ,
240 2858 277 2899 ac
293 2839 470 2899 Noricorum
490 2840 657 2916 juventute,
678 2838 716 2896 ad
738 2840 942 2917 occupandam
965 2838 1057 2916 ripam
1078 2838 1147 2895 AEni
1167 2838 1308 2909 fluminis,

239 2919 321 2996 quod
335 2919 457 2977 Rhaetos
472 2918 657 2996 Noricosque
670 2916 821 2984 interfluit,
836 2919 949 2987 missus,
963 2936 1019 2975 nec
1033 2916 1087 2973 illis
1101 2928 1152 2973 aut
1164 2916 1208 2973 his
1227 2926 1306 2993 proe-

236 2996 308 3055 lium
322 2998 514 3066 tentantibus,
528 2997 646 3054 fortuua
659 2996 786 3073 partium
800 2996 868 3055 alibi
882 3006 1040 3055 transacta.
1061 2994 1199 3062 Antonio,
1212 2996 1307 3052 vexil-

236 3074 325 3134 larios
340 3096 356 3134 e
371 3074 542 3134 cohortibus
554 3087 585 3133 et
598 3086 711 3152 partem
726 3076 857 3152 equitum
872 3073 1007 3151 saplenti,
1021 3091 1119 3131 comes
1133 3072 1190 3131 fuit
1203 3074 1304 3131 Arrius

236 3152 344 3225 Varus,
356 3165 493 3212 strenuus
505 3154 601 3221 bello;
615 3172 703 3230 quam
716 3151 840 3229 gloriam
852 3164 883 3210 et
892 3153 965 3211 Dux
975 3151 1105 3211 Corbulo
1117 3162 1146 3209 et
1157 3170 1305 3229 prosperae

235 3230 267 3288 in
282 3232 425 3290 Armenia
441 3252 488 3289 res
506 3230 690 3289 addiderant.
731 3230 816 3288 idern
836 3232 958 3289 secretis
977 3230 1056 3308 apud
1072 3230 1221 3288 Neronem
1240 3249 1302 3287 ser-

234 3309 370 3367 monibus
383 3310 532 3368 ferebatur
546 3308 721 3367 Corbulonis
735 3310 857 3367 virtutes
878 3309 1058 3367 criminatus.
1099 3308 1187 3367 Unde
1201 3308 1303 3367 infami

193 3383 198 3394 “
234 3388 329 3464 gratia
342 3388 466 3465 primum
486 3387 579 3464 pilum
592 3387 712 3463 adepto,
726 3387 806 3457 laeta,
822 3388 858 3445 ad
879 3406 1009 3465 praesens
1029 3387 1105 3445 rnale
1119 3398 1211 3465 parta,
1230 3406 1301 3445 mox

233 3464 264 3522 in
278 3466 440 3544 perniciem
454 3477 579 3523 vertere.
601 3466 658 3523 Sed
668 3465 782 3524 Primus
795 3486 831 3525 ac
843 3466 947 3537 Varus,
962 3477 1143 3544 occupantes
1154 3464 1302 3542 Aquileiae

232 3546 368 3622 proxima
378 3563 515 3622 quaeque,
530 3554 561 3601 et
574 3543 721 3620 Opitergii
735 3558 766 3602 et
779 3544 867 3602 Altini
888 3544 961 3601 laetis
982 3544 1084 3603 animis
1099 3544 1302 3621 accipiuntur;
1373 3610 1386 3625 ¹·

230 3623 367 3682 relictum
376 3622 471 3679 Altini
483 3621 648 3699 praesidium
663 3623 804 3680 adversus
816 3622 938 3680 classem
948 3621 1159 3689 Ravennatem,
1169 3620 1299 3679 nondum
1383 3626 1385 3631 '

231 3701 400 3760 defectione
418 3702 482 3777 ejus
502 3700 612 3759 audita.
652 3701 726 3759 Inde
746 3700 899 3761 Patavium
919 3712 950 3759 et
967 3703 1073 3759 Ateste
1094 3700 1225 3777 partibus
1246 3700 1300 3757 ad-

225 3783 366 3856 junxere.
405 3778 471 3837 Illic
489 3778 652 3855 cognitum,
672 3792 731 3837 tres
745 3778 917 3837 Vitellianas
940 3780 1077 3838 cohortes
1098 3790 1129 3836 et
1149 3778 1234 3845 alam,
1249 3778 1298 3835 cui

228 3858 428 3918 Scribonianae
448 3876 566 3926 nornen,
586 3858 625 3916 ad
643 3858 749 3915 Forum
770 3857 867 3917 Alieni
888 3869 978 3934 ponte
995 3861 1101 3935 juncto
1120 3856 1298 3916 consedisse.

226 3936 344 3995 Placuit
358 3936 475 3995 occasio
485 3936 642 3994 invadendi
656 3936 835 3994 incuriosos:
850 3955 918 3993 narn
929 3937 959 3993 id
970 3956 1088 4014 quoque
1099 3934 1297 3994 nuntiabatur.

227 4016 311 4073 Luce
324 4014 418 4093 prima
431 4014 556 4072 inermes
570 4014 727 4092 plerosque
741 4032 924 4093 oppressere.
943 4015 1132 4083 Praedictum,
1148 4024 1181 4069 ut
1194 4012 1297 4089 paucis

222 4090 387 4151 interfectis
399 4105 514 4153 ceteros
527 4111 637 4169 pavore
647 4092 684 4151 ad
698 4093 867 4151 mutandam
877 4092 967 4150 fidem
978 4103 1129 4170 cogerent.
1152 4090 1192 4148 Et
1202 4092 1295 4161 fuere,

224 4171 275 4248 qui
290 4190 323 4228 se
336 4172 434 4230 statim
449 4171 608 4230 dederent:
630 4170 728 4247 plures
743 4172 870 4248 abrupto
883 4184 974 4248 ponte
988 4169 1107 4229 instanti
1125 4168 1203 4227 hosti
1219 4170 1296 4227 viam

223 4248 417 4307 abstulerunt.
449 4249 580 4326 Vulgata
591 4248 715 4307 victoria
728 4260 795 4326 post
809 4250 953 4327 principle
965 4246 1035 4306 belli
1049 4248 1212 4307 secundum
1227 4248 1297 4305 Fla-

222 4327 331 4396 vianos,
343 4328 411 4388 dum
420 4328 561 4404 legiones,
572 4322 860 4404 septimaGalbianaJ
869 4328 1073 4387 tertiadecima
1081 4327 1213 4395 Gemina,
1226 4345 1295 4386 curn

222 4404 317 4464 Vedio
332 4406 453 4484 Aquila,
464 4405 591 4483 Legato,
602 4406 754 4465 Patavium
769 4406 881 4466 alacres
894 4406 1025 4498 veniunt.
1066 4407 1111 4466 Ibi
1125 4404 1213 4485 pauci
1228 4404 1292 4465 dies
