3034 4967
213 260 272 318 uc
559 261 588 320 J.
608 259 731 320 mrsu
753 246 974 321 excussus

219 421 253 472 ut
274 411 384 473 Caesari
398 413 501 472 visum.
521 413 578 472 ΙΙΙ.
591 416 788 475 Proconsulea
805 427 886 476 sorte
902 417 999 477 missi:
1020 435 1117 498 eoque
1131 417 1299 478 Suetonius¹

220 493 302 570 Aug.
317 511 344 551 oa
358 495 406 556 47.
427 505 536 552 ceteras
551 494 714 570 provincias
734 495 958 556 Proconsndibns
976 497 1076 556 sonito
1090 499 1222 589 permisit
1230 498 1249 554 ‚⁴³
1261 496 1300 553 et'

221 571 344 630 Tacitus
359 575 388 638 3,
402 575 451 632 32.
470 591 502 631 eo
525 581 558 631 ne
576 573 661 632 ctiam
680 573 762 632 Asiae
780 587 854 634 sorte
872 575 1068 654 depellendam
1085 576 1242 636 enodavit.-
1262 573 1301 631 at?

194 713 196 718 ,
220 650 339 726 Legati,
354 649 479 710 Caesaris
515 651 623 720 electu,
639 651 713 728 ἀκλη
732 651 805 721 arrei,
826 663 860 710 ut
873 651 914 712 ait
928 653 988 712 Dio
1001 658 1051 725 58,
1066 658 1141 714 25⁴⁹.
1170 653 1300 714 ‘Statius'

223 727 294 787 silv.
312 735 337 798 l,
352 733 445 797 tot.
460 771 467 785 .
481 771 489 786 .
504 771 511 786 .
528 776 534 790 .
550 750 612 789 cum
626 731 701 790 tanti
716 675 804 789 iectus
818 732 937 790 rectoris
950 730 1090 801 habenas,
1099 731 1218 803 Gallice,
1219 733 1299 812 for·'

220 815 291 865 tnnc
306 827 360 865 non
375 807 536 867 admirante
545 808 656 868 subisti.
697 809 750 868 IV.
771 811 967 868 Proconsules
980 810 1079 870 statim
1093 811 1203 903 egressi
1218 810 1293 868 urbe

199 905 202 912 ⁴
220 883 347 962 insignia
367 886 486 964 Imperii
506 899 626 946 sumunt
650 884 698 962 (nd
710 886 757 964 τῆς
772 887 866 968 ἀρχῆς
880 885 1015 967 ἐπίσημα,
1029 890 1070 948 ait
1085 889 1146 948 Dto
1164 893 1213 957 53,
1231 887 1298 960 13.)

223 973 296 1040 puta
309 964 441 1034 lictores,
455 965 567 1034 fascem
587 983 644 1024 nec
661 963 826 1044 deponunt,
840 966 895 1024 nisi
908 965 1032 1043 ingressi
1047 967 1153 1026 iterum
1167 969 1290 1026 urbem:

222 1051 254 1099 at
266 1043 384 1120 Legati,
399 1061 459 1102 non
473 1053 631 1121 antequam
645 1044 826 1122 provinciam
840 1044 1003 1122 attigerint,
1012 1056 1043 1104 et
1053 1045 1083 1103 in
1097 1046 1162 1124 ipsa
1174 1045 1292 1123 provin-

223 1119 271 1180 cia
284 1120 445 1198 deponunt.
484 1121 521 1179 V.
532 1122 728 1181 Proconsules
741 1130 850 1200 pacato
862 1123 966 1181 habitu
975 1125 1008 1200 †‚
1022 1135 1052 1183 et
1061 1124 1160 1202 gladio
1171 1139 1231 1181 non
1242 1141 1299 1180 ac··

224 1198 314 1258 cincti
324 1199 461 1268 suerunt;
478 1203 530 1276 (ex
544 1200 678 1259 instituto
693 1201 813 1279 quidem
824 1200 875 1259 Au
896 1201 965 1271 usti,
981 1203 1063 1280 quod
1076 1212 1175 1261 tamen
1188 1211 1299 1279 postea‘

224 1278 364 1354 mutavit)
388 1279 504 1355 Legati,
517 1276 568 1356 rin
590 1278 790 1362 στρατιωτικὴν
805 1290 918 1358 στολην,
933 1280 965 1338 id
981 1291 1027 1343 est
1040 1276 1300 1359 paludamentum,

223 1365 388 1431 gestarunt,
402 1366 433 1414 et
446 1355 586 1434 gladium,
601 1370 634 1415 ut
648 1357 754 1448 quibus
766 1360 814 1436 lus
828 1369 907 1417 esset
919 1357 1019 1416 militis
1032 1357 1294 1418 animadvertendi.

223 1435 277 1491 Vl.
298 1435 491 1493 Proconsules
502 1453 554 1494 sex
564 1435 719 1494 lictoribus
728 1435 918 1514 fascibusque
928 1437 973 1494 usi
982 1459 992 1507 ;
1010 1437 1140 1516 quinque
1148 1437 1297 1496 duntaxat
1369 1435 1373 1442 '

223 1512 340 1589 Legati,
355 1513 404 1590 qui
423 1509 615 1573 Consulatum
634 1515 765 1573 nondum
782 1515 950 1592 gessissent.
989 1516 1050 1574 Dio
1064 1527 1169 1574 auctor
1181 1519 1230 1583 53,
1247 1514 1297 1572 13.'
1317 1570 1319 1572 ,

223 1587 396 1649 Proconsuli
417 1603 477 1650 tres
496 1592 603 1669 Legati
623 1593 726 1667 fuere3
750 1595 864 1670 Legato
883 1610 967 1652 unus,
1007 1592 1068 1651 Dio
1081 1593 1192 1651 ibidem
1205 1610 1232 1650 c.
1248 1595 1296 1650 14.

228 1669 329 1746 Atque
342 1669 405 1728 haec
421 1671 606 1729 discrimina:
626 1671 679 1729 sed
698 1691 737 1732 cx
758 1671 793 1729 iis
811 1670 883 1728 nihil
900 1687 995 1739 eruas,
1010 1689 1064 1728 cur
1077 1670 1295 1747 provinciarum

226 1746 351 1806 Caesaris
362 1748 492 1807 conditio
506 1749 602 1826 (quod
621 1760 720 1808 tamen
733 1748 783 1807 hic
797 1767 835 1807 cx
847 1748 954 1807 Tacito
967 1749 1092 1824 clarum)
1109 1747 1213 1807 melior
1224 1766 1295 1825 pen·

225 1825 365 1903 siorque:
388 1827 442 1884 nisi
452 1827 482 1884 id
493 1839 591 1886 tamen
605 1827 635 1885 in
649 1829 759 1886 bonum
773 1826 996 1904 provincialium
1010 1828 1109 1896 vertit,
1124 1827 1205 1905 quod
1215 1836 1296 1884 utra·

226 1923 285 1982 que
295 1905 446 1983 provincia
456 1905 506 1963 uni
517 1906 631 1964 credita
641 1908 767 1985 Legato;
778 1906 907 1984 ideoque
914 1906 1010 1963 minus
1018 1924 1140 1964 onerum
1151 1905 1181 1962 in
1191 1903 1300 1962 alendo

226 1984 290 2058 ipso
311 1995 341 2042 et
360 1984 481 2043 canibus
495 1984 561 2052 illis,
576 1985 626 2061 qui
641 1987 769 2052 tribunal
783 1984 926 2043 lambunt.
968 1985 1055 2044 Clare
1069 1981 1191 2043 Tacitus
1203 1987 1233 2053 5,
1248 1985 1295 2042 10.

228 2061 259 2122 Is
273 2061 455 2122 Macedonica
469 2075 527 2122 tant
539 2063 666 2121 intentus
682 2063 818 2123 Acininm
832 2081 941 2139 qnoque
953 2063 1080 2120 curabat.
1293 2077 1297 2084 '

746 2295 784 2352 Ν.

623 2454 715 2514 CAP.
736 2452 905 2513 LXXXlll.

270 2611 334 2670 Sao
349 2612 414 2690 quis
427 2611 507 2682 olim,
517 2629 630 2686 quaeso,
641 2610 746 2668 modus
759 2609 885 2668 lucaris?
906 2608 1004 2667 omnia
1013 2607 1090 2666 enim
1102 2617 1153 2666 a'ut
1163 2606 1298 2685 pervadit

227 2700 280 2749 aut
293 2700 389 2749 tentat
402 2687 502 2748 nostra
515 2689 677 2748 curiositas.
718 2687 857 2765 Vulgaris
868 2687 976 2746 actoris
990 2687 1127 2745 videntur
1139 2686 1230 2743 fuisse
1244 2685 1297 2743 de-

230 2768 303 2827 narii
324 2769 479 2846 quinque·
503 2769 619 2827 Seneca
640 2766 730 2846 Epist.
748 2771 788 2826 80
811 2769 885 2843 (81).
915 2764 982 2835 Ille,
997 2765 1048 2844 qni
1064 2767 1093 2824 in
1110 2785 1193 2823 scena
1206 2761 1298 2822 dctus

230 2846 332 2906 incedit
352 2859 379 2906 ct
403 2847 473 2906 dccc-
484 2847 632 2941 resupinus
656 2846 732 2915 dicit,
746 2845 899 2923 imperito
927 2845 1023 2920 Argia,
1038 2890 1045 2907 ,
1062 2888 1069 2904 .
1084 2885 1092 2899 .
1106 2884 1115 2901 .
1127 2863 1224 2901 senous
1246 2855 1297 2910 est,

231 2926 298 3006 qnin
320 2947 353 2984 nc
366 2927 473 2985 modios
485 2925 591 3004 accepit
603 2939 631 2984 et
644 2926 765 3003 quinque
778 2923 918 2984 denarios.
959 2924 1023 2980 Aut
1035 2933 1117 2983 certe
1129 2934 1253 2998 septem,
1265 2930 1299 2977 ut

230 2946 319 3083 apud
331 3005 493 3064 Lucianum
513 3005 543 3061 in
563 3002 788 3082 Icaromenippo
808 3005 857 3063 29.
879 3001 908 3057 in
929 3001 1008 3070 loco,
1027 3000 1078 3078 qui
1098 3017 1130 3056 re
1151 3009 1181 3055 et
1201 2999 1299 3056 verbis

233 3085 353 3144 Senecoe
367 3084 408 3141 illi
419 3102 487 3161 par:
502 3082 638 3150 Ἐοικότες
648 3079 782 3158 μάλιστα
793 3083 848 3149 τοῖς
858 3081 999 3160 τραγικοῖς
1013 3075 1121 3144 ἐκείνοις
1132 3074 1298 3155 ὑποκριταῖς,

232 3160 274 3222 w'r
286 3161 319 3242 ἦν
330 3161 436 3244 ἀφέλῃς
449 3161 489 3220 τοὶ
501 3163 667 3238 προσωπεῖα,
683 3159 731 3219 καὶ
751 3156 800 3234 τὴν
814 3157 1014 3239 χρυσόπαστον
1029 3154 1129 3231 ἐκείνην
1144 3151 1256 3229 στολὴν,
1266 3153 1297 3213 nd
1340 3231 1342 3235 ,

231 3235 466 3318 καταλειπόμενόν
481 3241 540 3298 ἐστι
553 3243 674 3317 γελοῖον,
690 3237 855 3320 disputan,
870 3233 941 3295 tnta
954 3234 1005 3315 δρα
1065 3233 1078 3248 ”
1101 3235 1129 3300 ἐς
1140 3230 1186 3292 τὸν
1195 3229 1300 3310 ἀγῶνα

232 3319 368 3396 petimini
391 3339 456 3378 enoc.
488 3319 605 3376 Mutata
615 3327 713 3374 tamen
727 3314 834 3391 saepius
845 3333 902 3381 rea,
914 3332 983 3372 cum
992 3331 1098 3388 vagus
1112 3311 1299 3386 editoresque

232 3394 325 3453 multa
338 3415 355 3454 a
377 3395 481 3454 darent
492 3394 681 3452 histrionibus
695 3393 824 3463 famosis,
848 3390 951 3470 praeter
967 3390 1088 3448 morem.
1124 3388 1198 3448 Ideo
1211 3387 1300 3446 llbe-

232 3475 292 3532 rius
307 3473 386 3551 apud
408 3473 491 3532 Suet.
510 3477 559 3531 34.
595 3472 745 3531 Lndornm
765 3491 801 3529 ne
819 3491 965 3530 munerum
988 3469 1128 3549 inpensas
1151 3465 1298 3543 corripnt',

232 3552 401 3612 mercedibus
411 3552 582 3612 scenicorum
590 3551 707 3610 recisis:
722 3562 753 3610 et
766 3551 810 3608 Μ.
818 3549 986 3608 Antoninus
994 3550 1069 3624 Imp.
1081 3544 1161 3623 apud
1172 3542 1300 3620 Capitol.

235 3637 282 3692 ll.
333 3631 514 3708 Temperavit
538 3631 661 3690 scenicas
684 3630 860 3698 donationes,
877 3629 993 3707 jubens,
1020 3636 1053 3684 ut
1076 3624 1175 3704 quinos
1199 3641 1300 3680 aureos

231 3710 333 3771 scenici
346 3709 524 3787 acciperente
550 3712 590 3770 ita
603 3719 705 3778 tamen,
721 3718 753 3766 nt
766 3709 862 3767 nullus
879 3707 970 3764 editor
989 3705 1083 3763 decem
1100 3721 1200 3762 aureos
1219 3719 1300 3780 egres

231 3789 365 3850 deretur:
390 3807 500 3866 magno
528 3801 626 3848 tamen
654 3786 799 3864 corruptis
827 3785 956 3843 moribus
980 3783 1172 3850 incremento,
1196 3778 1221 3836 si
1245 3796 1300 3854 pro

233 3871 364 3947 quinque
385 3865 509 3925 denariis
528 3881 647 3926 ventum
666 3865 705 3924 ad
718 3883 823 3923 aurcos
841 3862 982 3940 quinque.
1018 3859 1081 3920 sed
1099 3857 1225 3925 Seneca,
1240 3855 1301 3914 for-

232 3957 311 4004 tasse
333 3957 364 4004 et
386 3946 541 4015 Lucianus,
566 3945 604 4002 de
631 3944 735 4002 diurna
757 3940 896 4000 mercede
916 3950 1025 4018 agunt;
1052 3935 1236 4015 Capitolinus
1261 3934 1301 3992 ds

231 4035 382 4082 menstrua
395 4035 446 4084 aut
460 4035 541 4084 certe
553 4022 751 4102 productione
769 4032 842 4079 tota.
878 4022 940 4078 Aut
960 4019 1088 4095 denique
1105 4031 1218 4073 merces
1238 4023 1302 4070 tam

233 4101 331 4179 ampla
349 4103 387 4160 ad
408 4103 558 4181 principes
574 4116 671 4161 scenae
694 4100 832 4177 pertinet,
849 4116 909 4156 non
930 4097 969 4156 ad
988 4112 1095 4175 pueros
1115 4091 1303 4182 histrionuma

268 4314 281 4342 ⁶
301 4313 432 4374 Conjnngit
439 4301 547 4380 ntrotqne
558 4313 655 4360 Tacitae
663 4311 696 4360 A.
705 4316 729 4370 2,
739 4314 780 4360 43.
795 4312 836 4372 qai
846 4317 908 4358 rorte
915 4315 957 4357 ant
964 4309 1038 4371 misen
1043 4283 1305 4378 procineidctenerent’.

266 4380 286 4440 †
304 4377 409 4425 Statium
419 4375 473 4424 ltine
483 4379 587 4438 intellige
598 4377 656 4425 sun.
666 4379 690 4437 5,
702 4377 743 4432 57.
764 4377 795 4424 nd
807 4375 959 4440 Crispinum:
976 4370 1046 4422 Mille
1060 4368 1131 4422 urbac
1146 4367 1209 4419 Asiae
1223 4371 1305 4429 scruto

227 4442 317 4492 nexerit
327 4454 396 4497 anno,
409 4439 538 4504 Imperium
546 4439 665 4490 mulcente
676 4449 737 4504 toga.
857 4456 861 4460 ·
910 4459 913 4463 >
1125 4452 1143 4459 ·.
1198 4446 1202 4456 »
1272 4438 1291 4459 k.
