3034 4967
552 591 716 674 JUSTI
745 589 924 673 LIPSII

611 803 862 870 EXCURSUS

713 996 750 1032 ΔΙ)

459 1133 1000 1228 ANNALIUM

666 1329 745 1390 LIB.
767 1331 804 1393 V.

653 1673 738 1733 CAP.
757 1672 810 1731 IV.

241 1845 324 1903 Acrr
349 1844 470 1904 Senatus
495 1845 651 1914 vocabant,
676 1844 901 1903 commentarios
927 1842 1127 1923 (ὑπομνήματα
1148 1844 1266 1902 vertunt

199 1921 827 2002 Gracitquibusbreviterinscriptum,quid
848 1923 900 1982 uid
910 1925 1097 2002 apudPatres
1105 1924 1265 1991 diceretur,

199 2013 405 2080 agereturque.
445 2003 573 2060 Tantum
587 2003 666 2081 apud
679 2015 787 2081 patres.
828 1944 922 2080 Srigo
936 2022 1048 2072 eorum,
1061 2014 1095 2059 ut
1107 2003 1234 2071 videtur,
1248 2019 1267 2058 a

198 2083 216 2144 J
221 2081 280 2138 ulio
296 2083 430 2148 Caesare;
450 2081 501 2158 qui
519 2082 640 2150 Consul,
659 2083 739 2140 luite
756 2081 867 2150 bonore,
878 2081 992 2158 pomus
1004 2083 1123 2139 omnium
1137 2081 1267 2151 instituit,

200 2169 231 2219 ut
250 2169 308 2218 tam
327 2161 458 2229 Senatus,
473 2179 554 2240 quam
573 2159 678 2240 Populi
691 2161 793 2219 diurna
807 2169 870 2218 acta
882 2162 1087 2239 conficerentur
1100 2169 1126 2219 et
1137 2159 1268 2238 publicad

199 2249 299 2302 rentur
308 2242 338 2296 ὓ,
378 2237 533 2298 Confectio
558 2239 680 2298 mansit:
708 2239 870 2316 publicatio
893 2240 1035 2316 abrogata
1058 2240 1095 2296 ab
1118 2243 1270 2316 Augustae

202 2317 360 2377 Suetonius
373 2336 401 2377 c.
413 2321 463 2378 36.
483 2321 592 2378 Auctor
604 2326 631 2376 et
644 2318 767 2378 aliarum
776 2339 870 2378 rerum
883 2317 1003 2376 Senatui
1000 2318 1089 2395 suit.-
1109 2319 1140 2377 ia
1154 2318 1268 2398 quisue

199 2410 268 2458 acta
290 2399 411 2456 Senatus
425 2395 650 2477 publicarentur.
691 2397 874 2457 Conficiebat
891 2415 928 2456 ea
946 2397 1089 2474 quispiam
1104 2417 1121 2455 e
1135 2397 1268 2456 Senatu:

200 2475 324 2544 scilicet,
340 2487 378 2533 ne
393 2495 500 2535 arcana
514 2477 633 2535 Petrum
647 2477 737 2534 sciret
750 2496 810 2534 non
825 2495 842 2533 c
856 2475 1001 2535 Patribus.
1041 2477 1213 2555 colligimus
1228 2496 1267 2534 ex

202 2554 309 2612 Tacito
328 2554 386 2625 hic,
401 2555 451 2633 qui
468 2553 489 2614 J
491 2554 591 2612 unium
604 2556 684 2612 hunc
698 2555 852 2613 Rusticum
866 2558 1037 2614 Senatorem
1052 2556 1180 2614 ostendit
1193 2555 1269 2613 infra

202 2651 229 2694 c.
239 2638 266 2694 5.
304 2635 387 2710 Quod
391 2635 504 2713 fraude
513 2633 596 2692 unius
609 2636 751 2692 Senatorii
760 2635 839 2691 elusa
850 2633 981 2711 majestas
991 2633 1180 2714 Imperatoria
1190 2648 1269 2694 esset.

203 2712 244 2772 Et
259 2713 427 2792 Spartiano‚.
445 2713 494 2791 qui
508 2730 534 2772 c.
549 2718 577 2771 3,
605 2712 757 2770 Hadriano
776 2731 883 2770 munus
901 2713 959 2770 hoc
978 2713 1080 2771 tribuit
1098 2725 1165 2791 post
1178 2715 1269 2778 Quae·

200 2802 321 2852 sturam.
362 2793 435 2852 Post
450 2794 642 2861 massuram,
652 2792 702 2860 ait,
715 2799 779 2850 acic
794 2792 914 2851 Senatus
927 2795 1055 2866 euracit5
1078 2811 1205 2872 eumque
1218 2813 1271 2851 vo·

202 2871 311 2932 cabant
321 2891 338 2930 a
348 2890 420 2930 cura
431 2873 585 2939 Actorum,
594 2872 651 2939 vel,
661 2871 698 2928 ub
708 2871 793 2931 Actis
805 2869 939 2931 Senatus.
978 2872 1068 2950 Lapis
1078 2883 1162 2929 vetus
1176 2871 1269 2949 (apud

202 2953 288 3009 Grut.
306 2970 335 3029 p.
356 2954 426 3020 458,
449 2953 491 3026 6.)
514 2969 542 3010 c.
563 2971 681 3029 sonoro.
703 2967 732 3010 c.
753 2971 781 3008 r.
802 2966 894 3012 Qvlu.
908 2995 915 3008 .
931 2998 937 3010 .
955 2969 1005 3010 .x.
1026 2967 1113 3007 vrno.
1135 2970 1270 3013 summu.

203 3046 377 3090 rvutcauu.
398 3047 555 3090 ,innuero
576 3047 686 3088 mrsu.
707 3049 878 3092 orsoenos.
891 3047 946 3089 ss.
961 3045 1066 3088 neers,
1081 3048 1147 3086 anu.
1187 3030 1269 3088 Con-

203 3106 333 3178 ficiebat,
355 3109 426 3179 dixi,
444 3109 579 3178 Senator,
601 3109 662 3168 sive
677 3120 800 3187 praeerat
812 3107 1019 3175 conficiendis3
1039 3107 1088 3165 cui
1102 3117 1201 3165 tumen
1215 3108 1269 3166 ad:

200 3188 295 3268 juncti
317 3189 420 3248 scribac
440 3188 661 3266 censualesque,
676 3207 749 3264 quos
766 3207 784 3244 a
802 3207 834 3246 re
854 3188 1010 3247 Actuerios
1029 3186 1100 3245 item
1121 3186 1269 3245 dicebant.

206 3267 388 3343 Capitolinus
411 3267 468 3326 SC.
488 3268 611 3332 tacitum
632 3267 673 3324 ita
691 3265 831 3324 describit
844 3266 875 3322 in
889 3266 983 3326 Gord.
996 3269 1024 3324 4.
1039 3273 1072 3324 ut
1086 3285 1141 3324 nou
1155 3266 1269 3336 scribe,

205 3364 262 3402 nou
275 3345 348 3404 serui
364 3345 480 3424 publici,
493 3365 546 3402 nou
569 3343 711 3404 censuales
724 3345 783 3404 illia
796 3346 899 3404 acuas
913 3344 1096 3404 interessent:
1117 3345 1271 3404 Senatores

203 3423 371 3501 exciperent,
386 3425 535 3482 seruatores
544 3424 636 3482 omnia
649 3423 738 3504 officia
751 3423 920 3483 censualium
932 3423 1143 3502 scribarumque
1155 3423 1270 3502 comple·

205 3512 280 3572 reat.
293 3503 397 3582 uequid
406 3505 488 3581 forte
502 3502 679 3578 proderetur.
719 3503 879 3564 Censuales
891 3502 942 3561 illa
955 3515 1025 3561 aetas
1040 3501 1116 3562 dixit
1128 3501 1269 3571 librarios,¹

202 3580 324 3650 scribas,
346 3582 588 3660 tabellionesque.
627 3581 701 3642 Inde
721 3582 823 3640 titulus
845 3586 893 3644 69.
913 3582 942 3638 in
963 3581 1077 3641 Codice
1097 3582 1116 3642 Ι.
1137 3585 1182 3642 10.
1202 3599 1271 3642 cona

205 3671 320 3737 ceptus,
342 3660 391 3718 De
411 3660 568 3731 tabulariis,
586 3663 694 3732 scribis,
713 3659 892 3745 logograplis
906 3671 933 3719 et
946 3660 1137 3720 censualibus:
1158 3661 1228 3719 inde
1241 3670 1272 3718 et

204 3739 344 3798 censuale
364 3737 501 3808 officium,
521 3739 601 3799 haud
619 3741 742 3800 absimili
762 3760 859 3808 sensu,
879 3742 900 3799 l.
921 3743 966 3800 18.
979 3743 1014 3799 C.
1042 3742 1090 3799 De
1113 3750 1271 3798 testamen-

203 3816 251 3878 tis.
292 3818 395 3897 anue
420 3832 519 3878 mente
542 3818 739 3880 Tertullianus
768 3819 857 3897 Apol.
881 3839 908 3879 c.
933 3824 980 3882 19.
1021 3821 1186 3879 Graeaorum
1206 3839 1271 3878 ceu*

204 3895 295 3956 nauus
315 3899 484 3978 corybreudi.
526 3900 660 3962 Actuarii
680 3899 732 3979 qui
754 3897 908 3975 excipiunt
927 3899 1156 3978 scribuntque†‚
1171 3909 1204 3958 ut
1220 3899 1273 3957 Ju-

205 3973 244 4038 lio
267 3977 411 4049 Suetonii,
431 3999 458 4038 c.
476 3981 525 4040 55.
557 3981 679 4040 Senecae
702 3979 787 4057 epist.
805 3983 855 4042 33.
893 3979 962 4036 Nou
982 3979 1095 4060 quidem
1119 3979 1188 4048 iac,
1207 3999 1273 4055 que

203 4243 219 4279 a
229 4163 254 4276 n:
263 4166 298 4213 Et
308 4169 405 4278 {aufidi
411 4169 516 4231 prierius,
524 4177 567 4219 out
577 4176 638 4218 certe
644 4170 783 4232 publicauit.
816 4172 913 4220 Sueten.
924 4185 944 4216 c.
955 4171 995 4218 20.
1012 4170 1088 4217 Ltus.
1105 4168 1157 4218 vide
1166 4167 1200 4217 ibi
1210 4169 1273 4218 dicta

255 4245 274 4277 e.
332 4244 381 4281 uu.
530 4244 531 4248 ’
632 4260 634 4266 ι

236 4296 257 4356 †
269 4293 351 4358 Inepte
361 4296 444 4346 Velius
455 4298 551 4363 Longus
562 4299 626 4362 apud
633 4299 729 4347 Putsch.
738 4314 763 4362 p.
770 4300 844 4346 2234.
876 4300 989 4350 Actuarii
999 4299 1098 4350 diuus&
1107 4299 1197 4350 actibus
1207 4313 1274 4348 occu-

199 4359 272 4428 puts
289 4359 387 4414 actara
396 4365 520 4430 scriptores
530 4371 624 4417 mutum
634 4364 869 4416 dicuuturactoruru
