3034 4967
578 198 957 287 tenuissumas.
1167 175 1171 189 “
1249 229 1305 289 roo

126 409 131 417 ·
235 379 386 469 Principes
396 367 588 470 seposuerunt
597 388 719 448 Senatui
733 385 857 480 sibiq'ne.
885 390 1045 466 Augustus
1060 387 1171 450 deinde
1184 390 1307 452 &mtt-

207 522 208 529 ,
236 491 316 530 orum
325 471 476 547 protinam
482 469 535 548 jus
557 471 661 544 (verba
675 469 808 526 Suetonii
821 478 890 526 sunt
904 485 931 527 c.
944 473 1008 544 40.)
1028 467 1138 528 redusit
1146 489 1161 535 ,⁰
1183 491 1218 529 oo
1230 473 1305 528 mul·

235 550 325 628 tiplici
330 569 414 628 poeno
424 549 545 608 coercito
556 547 670 616 ambitu,
679 549 725 606 die
735 547 902 606 cambiarum
913 546 1061 606 tribulibus
1073 546 1140 616 suis,
1154 556 1206 606 etc.
1236 551 1306 613 Quo

237 629 304 686 loco
318 627 470 705 pristinum
480 630 538 704 jus,
549 645 609 684 non
618 637 702 684 vetus
715 624 789 682 illud
795 624 923 700 accipio,
934 624 1013 702 quod
1023 626 1140 704 integra
1152 626 1289 686 libertate
1298 649 1321 702 ς,

237 707 291 764 sed
310 707 368 764 hoc
388 707 478 776 idem,
503 704 583 783 quod
600 723 618 762 a
637 713 726 781 patre'
746 705 811 779 ejus
832 702 914 760 Julio
936 703 1123 763 institutum:
1150 705 1306 782 pristinum

199 815 203 820 =
238 796 337 843 tamen
351 785 441 854 ideo„
452 785 520 862 quia
538 801 591 860 per
608 782 687 841 bella
704 781 802 842 civilia
813 792 845 838 et
857 781 1049 860 impotentem
1069 781 1307 853 Triumvirntum,

239 863 365 921 abolitus
389 863 572 922 Caesarianus
590 879 665 931 mos,
687 878 778 938 quem
802 858 922 919 reduxit
943 859 1030 937 longo
1052 860 1205 922 intervallo
1227 881 1308 920 nnnc

238 947 399 1018 Augustus.
438 945 515 1000 Eum
529 939 662 998 Suetonii
675 957 793 996 sensum
806 939 885 1011 (nam
898 938 1074 1019 interpretes
1086 940 1173 998 silent
1191 951 1244 999 out
1257 959 1309 998 ra·
1344 936 1347 942 ’
1383 1003 1388 1012 ,

193 1012 197 1022 ’
239 1019 354 1096 cillant)
367 1020 487 1078 adstruo
501 1037 540 1077 ex
555 1018 654 1075 Dione
667 1022 715 1087 5³,
730 1019 778 1076 21.
813 1013 952 1093 ’0,τεδῆ
989 1015 1308 1118 ςέςτᾶςαρχαιρεσῖας

237 1097 327 1160 καὶτὸ
342 1095 450 1172 πλῆθος
464 1095 682 1174 αὗσνκελὲγετο,
692 1089 935 1176 superstructis?
955 1092 1142 1174 miratu}
1157 1097 1204 1158 καὶ
1217 1095 1312 1176 εκεέκῳ

238 1175 344 1258 ἤρεσκε.
371 1174 443 1244 Totis
474 1172 537 1236 'oris
545 1171 689 1252 ἄρξοντας,
700 1171 761 1241 τούς
775 1174 827 1253 μὲν
835 1171 917 1242 αὐτὸς
927 1171 1317 1258 sueylpnmpsesunm,
1392 1233 1396 1238 .

240 1254 301 1321 τούς
315 1253 343 1313 δὲ
356 1254 403 1316 καὶ
419 1199 525 1335 lnlrrpi
546 1253 622 1333 δήμῳ
642 1254 683 1332 τῷ
701 1271 731 1310 τε
743 1249 841 1332 iplup,
860 1251 940 1313 sard
958 1250 989 1313 τὸ
1007 1255 1128 1334 ἀρχαῖον
1146 1252 1312 1332 ποιούμενος,

241 1333 410 1411 ἐπεμελεῖτο,
433 1328 502 1403 ὅπως
521 1333 585 1412 μή(
609 1329 796 1408 ἀνεπιτήδειοι,
821 1330 885 1410 μήτ’
908 1332 941 1406 ἐκ
964 1330 1203 1412 παρακελεύσεως,
1225 1330 1245 1409 ἢ
1264 1332 1316 1393 uas

243 1411 384 1489 δεκασμοῦ
396 1408 633 1472 ἀποδεικκῦωιτιιι.
664 1409 787 1487 Aliquid
805 1420 904 1468 tamen
916 1409 996 1489 plebi
1012 1409 1101 1469 etiam
1115 1428 1182 1470 cum
1197 1412 1315 1471 Consu·
1366 1446 1368 1450 ,
1422 1479 1425 1484 ¹

244 1490 305 1546 lum
320 1490 443 1548 comitiis
462 1489 561 1559 fuisse,
582 1489 698 1548 videtur
710 1487 816 1565 ,colligi
834 1507 874 1547 ex
893 1489 992 1558 Dione
1009 1487 1312 1559 obtinuerimus

139 1637 145 1642 ,
218 1645 221 1650 Ι
244 1571 312 1630 732.
333 1615 334 1618 η
353 1568 487 1627 Tiberius
500 1569 620 1648 primns,
639 1566 742 1627 animis
763 1566 920 1631 Quiritium
937 1567 1110 1646 froctisjam
1124 1570 1207 1628 etad
1219 1567 1314 1627 serri-

243 1647 315 1704 tium
330 1645 425 1718 factis,
443 1650 492 1725 jus
508 1665 593 1707 omne
610 1647 664 1706 sibi
684 1659 714 1706 et
733 1644 855 1704 Senatui
868 1645 1001 1724 sumpsit,
1015 1645 1117 1724 populi
1130 1647 1212 1706 nullo
1225 1647 1292 1708 looo
1304 1668 1319 1705 :-

244 1725 324 1801 quod
337 1725 458 1784 Tacitus
471 1726 516 1784 liis
529 1725 625 1784 verbis
639 1725 740 1795 voluit,
754 1724 1001 1803 condimentum
1013 1725 1053 1783 od
1070 1724 1176 1785 Patres
1196 1725 1315 1786 tralato.

183 1836 185 1840 ·
246 1803 307 1860 Sed
320 1804 350 1859 in
364 1803 538 1862 Consulibus
558 1804 629 1882 quid
649 1808 713 1882 ejus
734 1821 797 1862 aevo
818 1801 916 1872 luerit,
937 1803 1059 1861 Tacitus
1077 1803 1140 1879 ipse
1156 1804 1237 1863 effari
1253 1822 1313 1862 non

245 1891 344 1959 potest
357 1880 415 1938 fine
429 1880 515 1958 hujus
525 1881 594 1939 libri
608 1905 615 1938 z
638 1883 686 1939 De
698 1880 815 1940 comdiis
826 1879 1039 1949 cosmatus,
1048 1901 1111 1957 qooe
1122 1889 1180 1939 tuor
1188 1881 1313 1960 primum

242 1959 293 2018 illo
307 1959 444 2039 Prinospe
459 1979 492 2018 so
504 1959 632 2038 deinceps
643 1962 742 2039 suere,
756 1957 806 2016 oio
818 1956 972 2035 quidquam
979 1961 1101 2036 firmare
1113 1959 1202 2018 ακιὲιιι
1210 1983 1223 2028 ,·
1243 1962 1315 2019 odeo

244 2039 356 2096 diuersa
369 2059 423 2100 κοκ
436 2039 516 2096 modo
528 2037 606 2118 opud
617 2047 756 2107 auctum,
771 2035 820 2094 sed
833 2036 863 2093 io
876 2036 962 2114 ι’ριὶιιι
975 2029 1154 2107 orationiblss,
1165 2043 1315 2118 'repertun-

244 2125 302 2174 tur.
344 2118 443 2174 Potest
461 2117 531 2184 Dio,
551 2116 600 2194 qui
615 2116 732 2175 videtur
750 2132 867 2174 ornnem
886 2115 1047 2174 Consulum
1068 2117 1317 2175 renuntiationem

246 2195 282 2252 ad
298 2195 446 2252 Tiberium
459 2195 587 2267 referre;
611 2195 733 2253 aliorum
754 2192 983 2270 Magistmtuum
1001 2194 1039 2252 ad
1060 2193 1210 2263 Senatum,
1232 2213 1316 2253 com·
1371 2261 1376 2272 Ι

162 2283 167 2294 “
247 2273 434 2345 mendatione
450 2273 593 2352 Principis
607 2273 796 2350 interposita;
814 2291 902 2349 quem
915 2272 935 2331 l.
948 2277 996 2332 58.
1010 2273 1086 2332 vide.
1126 2273 1175 2330 Ex
1190 2293 1227 2332 eo
1240 2286 1318 2332 tem·

248 2371 319 2428 pore
340 2369 447 2430 expers
465 2352 668 2428 suffragiorum
688 2351 825 2429 populus,
850 2343 945 2409 donec
968 2352 1057 2410 Caius
1078 2353 1207 2422 tentavit,
1229 2355 1317 2412 comi-

250 2431 350 2488 tiorum
364 2449 440 2489 more
452 2443 587 2499 revocato,
608 2431 744 2509 suffragio
760 2427 867 2508 populo
884 2429 1011 2499 reddere,
1032 2430 1074 2489 ait
1091 2426 1317 2492 Sueton.'c.16'.

249 2509 363 2566 scilicet
377 2507 486 2568 Tiberii
501 2509 635 2567 instituto
649 2512 767 2574 omisso,
787 2508 914 2584 Augusti
932 2519 1089 2577 revocato3
1109 2508 1252 2567 sedidem
1265 2509 1316 2567 ille
1425 2564 1429 2569 ,

247 2587 363 2644 omisit:
385 2587 631 2665 Tiberianumque
652 2605 763 2646 morem
783 2585 863 2664 cpud
882 2583 1000 2646 secu'tos
1022 2587 1172 2668 Principes
1191 2587 1316 2648 valuisse

249 2665 398 2744 deinceps,
413 2667 525 2726 clarum
539 2685 578 2724 ex
594 2665 739 2725 memoriis
752 2683 859 2723 rerum.
965 2689 968 2694 ·

761 2823 795 2883 n.

681 2927 769 3001 cnr.
787 2943 884 3002 xvu.

291 3065 460 3132 onerans
484 3072 514 3120 et
537 3080 722 3142 progressum
744 3062 882 3140 stipendii
908 3062 1033 3123 Romani
1058 3065 1147 3124 docui
1170 3085 1264 3145 nuper
1285 3069 1316 3128 in

253 3142 366 3200 Electis
381 3147 406 3208 l,
420 3146 448 3198 2.
464 3151 495 3198 et
507 3159 584 3200 vere.
608 3183 610 3192 .
625 3142 743 3198 Aureus
756 3141 787 3197 in
800 3159 929 3198 mensem
947 3141 1023 3210 luit3
1041 3144 1061 3202 i.
1075 3163 1102 3202 e.
1117 3144 1184 3202 deni
1195 3145 1225 3204 in
1239 3147 1316 3207 diem

165 3251 167 3256 ·
213 3231 216 3238 '
252 3241 341 3290 asses,
355 3231 388 3276 ut
401 3219 449 3276 hic
463 3218 569 3277 milites
582 3218 719 3278 fatentur.
750 3219 907 3284 Quomodo
918 3239 989 3297 ergo
998 3221 1088 3280 iidem
1101 3223 1205 3286 milites
1217 3227 1317 3286 statim

254 3301 404 3356 denarium
421 3307 534 3375 petunt,
554 3297 636 3375 quasi
654 3297 692 3356 ad
712 3297 889 3375 stipendium
909 3300 1101 3377 augendum?
1141 3303 1179 3362 Ut
1192 3305 1316 3385 singulm

232 3403 233 3406 ¹
252 3379 383 3436 denarios
401 3384 541 3448 ,mererent
550 3405 560 3447 ,·
578 3386 628 3446 et,
659 3377 699 3436 Ut
724 3377 858 3437 «lenanu
883 3378 1016 3436 diurnum
1030 3376 1208 3461 'stspusdium
1220 3385 1316 3463 first.

252 3459 360 3514 Nonne
375 3453 461 3525 edim,
477 3453 769 3532 inquiunt,·denarius
783 3455 861 3512 idem
874 3457 954 3533 quod
964 3458 1033 3517 deni
1046 3448 1149 3518 asses?⁸
1171 3460 1212 3520 Et
1222 3463 1317 3522 AEmi-

253 3535 308 3592 lius
324 3535 458 3592 Ferretus
472 3534 589 3610 quidem
604 3533 807 3611 postmultum
821 3542 925 3592 nestum
937 3535 1020 3598 haesit
1033 3537 1063 3595 in
1076 3538 1134 3597 hoc
1147 3540 1232 3600 vodo.
1256 3541 1321 3604 Lo-,

234 3639 237 3644 ·
255 3633 306 3670 cos
320 3633 370 3672 eos
384 3622 547 3690 pugnantes
561 3611 603 3670 sic
618 3612 766 3683 conciliat,
787 3612 869 3688 quasi
888 3613 995 3673 milites
1012 3628 1127 3694 petant,
1143 3618 1247 3695 inquit,
1262 3619 1320 3678 du.

255 3691 356 3768 plicari
370 3691 562 3768 stipendium
583 3689 612 3748 id
628 3701 683 3760 est,
700 3690 772 3749 alios
793 3690 884 3748 denos
903 3711 991 3762 asses,
1011 3697 1118 3772 prater
1135 3696 1200 3753 illos
1221 3697 1318 3766 datos.
1384 3708 1386 3712 ’

203 3797 209 3810 ·
258 3770 309 3825 Vir
318 3770 443 3847 optimus
458 3788 516 3827 non
531 3769 634 3827 didicit
648 3769 860 3827 conciliaturas.
901 3772 990 3835 Quod
1004 3774 1159 3833 Suetonius
1171 3773 1253 3845 dicit,
1265 3796 1318 3834 vo-

255 3849 344 3906 luisse
358 3867 407 3906 eos
426 3848 535 3926 aequari
551 3847 697 3926 stipendio
716 3847 902 3906 Praetorianis
921 3849 955 3925 (ii
973 3860 1072 3910 autem
1084 3853 1168 3910 binos
1182 3851 1318 3916 denarios

255 3927 437 4004 capiebant),
452 3929 489 3984 de
503 3926 680 3984 Germanico
695 3925 785 3984 milite
799 3925 885 3991 dixit,
903 3947 961 3986 non
975 3931 1013 3989 de
1026 3929 1185 3999 Pannonio,
1199 3945 1233 3990 ut
1247 3954 1319 3995 cen.

256 4017 301 4064 set
322 4006 393 4083 ipse,
417 4015 533 4082 etpost
555 4023 622 4063 enm
641 4005 684 4061 vir
706 4006 818 4063 doetus.
857 4005 917 4064 Dio
935 4007 973 4065 de
993 4007 1213 4068 huoseditione
1233 4014 1318 4072 nimis

257 4085 335 4142 clare
349 4090 397 4153 57,
412 4088 440 4142 A.
478 4081 529 4152 T-o',
548 4100 577 4140 rs
596 4084 718 4162 σύμπαν,
734 4085 787 4144 συθ
809 4102 874 4165 cusp
888 4084 1035 4144 ἑκκαίδεκα
1047 4084 1093 4160 ἔνι
1108 4086 1319 4170 στρατεύεσθικς

254 4159 363 4239 ἤθελον,
377 4161 424 4220 καὶ
438 4159 569 4242 δραχμήν
581 4159 729 4238 ἡμερησίαν
768 4161 845 4240 ipsu,
859 4162 896 4221 roi
910 4181 941 4221 τε
954 4159 1037 4226 ἆθλα
1050 4163 1129 4234 sonos
1144 4169 1229 4228 adreci
1239 4171 1267 4230 ἐν
1279 4176 1320 4229 sui
1391 4182 1395 4188 '

256 4239 429 4323 στρατοπέδῳ
440 4242 593 4317 aspectum
602 4238 701 4316 η’ξὲουν.
731 4179 788 4309 liin,
799 4243 948 4319 petebant,
960 4243 1011 4311 ait,
1024 4242 1153 4327 δραχμὴν
1163 4234 1321 4328 ἦμερησὶαἶι.

255 4319 323 4376 Non
338 4337 409 4396 ergo
424 4321 504 4388 duas,
520 4328 553 4375 ut
566 4321 668 4378 volunt
681 4319 731 4378 illi.
763 4319 824 4378 Sed
834 4318 906 4396 quid
916 4320 1038 4380 alludo?
1060 4343 1105 4382 res
1119 4325 1162 4383 sic
1175 4344 1208 4383 se
1221 4326 1319 4389 habet.
1360 4355 1363 4358 ·

255 4397 346 4468 Aliud
370 4397 420 4460 illo
442 4415 502 4454 oevo
523 4397 668 4466 denarius,
690 4397 770 4455 aliud
792 4398 859 4476 deni
881 4416 970 4461 asses.
1010 4401 1067 4460 Per
1086 4402 1164 4460 bellu
1185 4403 1323 4467 videlicet

255 4475 351 4544 civilia
373 4475 418 4550 (et
431 4475 571 4534 sentimus
586 4479 671 4534 etiam
687 4479 779 4551 nnnc)
797 4487 928 4535 creverat
942 4480 1002 4538 auri
1017 4481 1142 4559 pretinm
1156 4491 1187 4538 et
1200 4488 1323 4556 argenti.
