<?xml version="1.0" encoding="UTF-8"?>
<!DOCTYPE html PUBLIC "-//W3C//DTD XHTML 1.0 Transitional//EN"
    "http://www.w3.org/TR/xhtml1/DTD/xhtml1-transitional.dtd">
<html xmlns="http://www.w3.org/1999/xhtml" xml:lang="en" lang="en">
 <head>
  <title>
</title>
<meta http-equiv="Content-Type" content="text/html;charset=utf-8" />
  <meta name='ocr-system' content='tesseract 3.04.00' />
  <meta name='ocr-capabilities' content='ocr_page ocr_carea ocr_par ocr_line ocrx_word'/>
</head>
<body>
  <div class='ocr_page' id='page_1' title='image "./ccorneliitaciti02grongoog_0069.png"; bbox 0 0 3034 4967; ppageno 0'>
   <div class='ocr_carea' id='block_1_1' title="bbox 442 232 1358 299">
    <p class='ocr_par' dir='ltr' id='par_1_1' title="bbox 442 232 1358 299">
     <span class='ocr_line' id='line_1_1' title="bbox 442 232 1358 299; baseline -0.004 -4"><span class='ocrx_word' id='word_1_1' title='bbox 442 232 444 237; x_wconf 76' lang='grc'><strong>’</strong></span> <span class='ocrx_word' id='word_1_2' title='bbox 545 234 761 299; x_wconf 80' lang='lat' dir='ltr'>DIALOGUS.</span> <span class='ocrx_word' id='word_1_3' title='bbox 781 234 867 295; x_wconf 83' lang='lat' dir='ltr'><strong>CAP.</strong></span> <span class='ocrx_word' id='word_1_4' title='bbox 891 236 935 292; x_wconf 83' lang='lat'>10.</span> <span class='ocrx_word' id='word_1_5' title='bbox 1234 234 1272 293; x_wconf 78' lang='lat'>68</span> <span class='ocrx_word' id='word_1_6' title='bbox 1355 263 1358 269; x_wconf 88' lang='lat'><em>·</em></span> 
     </span>
    </p>
   </div>
   <div class='ocr_carea' id='block_1_2' title="bbox 210 392 1278 1080">
    <p class='ocr_par' dir='ltr' id='par_1_2' title="bbox 210 392 1277 816">
     <span class='ocr_line' id='line_1_2' title="bbox 210 392 1272 485; baseline -0.007 -21"><span class='ocrx_word' id='word_1_7' title='bbox 210 396 321 475; x_wconf 82' lang='lat' dir='ltr'>colere,</span> <span class='ocrx_word' id='word_1_8' title='bbox 336 412 427 462; x_wconf 85' lang='lat' dir='ltr'>suunt</span> <span class='ocrx_word' id='word_1_9' title='bbox 440 398 568 485; x_wconf 87' lang='lat' dir='ltr'>genium</span> <span class='ocrx_word' id='word_1_10' title='bbox 582 398 761 485; x_wconf 75' lang='lat' dir='ltr'>propitiare,</span> <span class='ocrx_word' id='word_1_11' title='bbox 776 418 865 462; x_wconf 83' lang='lat' dir='ltr'>susm</span> <span class='ocrx_word' id='word_1_12' title='bbox 879 394 1013 483; x_wconf 83' lang='lat' dir='ltr'>experiri</span> <span class='ocrx_word' id='word_1_13' title='bbox 1033 392 1272 463; x_wconf 69' lang='lat' dir='ltr'>liberalitatem?</span> 
     </span>
     <span class='ocr_line' id='line_1_3' title="bbox 213 479 1274 571; baseline -0.004 -25"><span class='ocrx_word' id='word_1_14' title='bbox 213 482 339 569; x_wconf 85' lang='lat' dir='ltr'>Adjice,</span> <span class='ocrx_word' id='word_1_15' title='bbox 361 484 448 569; x_wconf 89' lang='lat' dir='ltr'>quod</span> <span class='ocrx_word' id='word_1_16' title='bbox 469 484 580 571; x_wconf 86' lang='lat' dir='ltr'>poetis,</span> <span class='ocrx_word' id='word_1_17' title='bbox 606 482 741 547; x_wconf 86' lang='lat' dir='ltr'>simodo</span> <span class='ocrx_word' id='word_1_18' title='bbox 761 483 895 570; x_wconf 86' lang='lat' dir='ltr'>dignum</span> <span class='ocrx_word' id='word_1_19' title='bbox 917 479 1039 567; x_wconf 85' lang='lat' dir='ltr'>aliquid</span> <span class='ocrx_word' id='word_1_20' title='bbox 1060 479 1220 544; x_wconf 76' lang='lat' dir='ltr'>elaborare</span> <span class='ocrx_word' id='word_1_21' title='bbox 1241 494 1274 543; x_wconf 88' lang='lat' dir='ltr'>et</span> 
     </span>
     <span class='ocr_line' id='line_1_4' title="bbox 212 564 1277 655; baseline -0.002 -25"><span class='ocrx_word' id='word_1_22' title='bbox 212 566 331 631; x_wconf 85' lang='lat' dir='ltr'>officere</span> <span class='ocrx_word' id='word_1_23' title='bbox 343 568 450 647; x_wconf 89' lang='lat' dir='ltr'>velint,</span> <span class='ocrx_word' id='word_1_24' title='bbox 465 566 669 655; x_wconf 88' lang='lat' dir='ltr'>relinquenda</span> <span class='ocrx_word' id='word_1_25' title='bbox 680 566 874 633; x_wconf 83' lang='lat' dir='ltr'>conversatio</span> <span class='ocrx_word' id='word_1_26' title='bbox 890 568 1062 631; x_wconf 87' lang='lat' dir='ltr'>amicorum</span> <span class='ocrx_word' id='word_1_27' title='bbox 1077 577 1111 629; x_wconf 83' lang='lat' dir='ltr'>et</span> <span class='ocrx_word' id='word_1_28' title='bbox 1126 564 1277 651; x_wconf 80' lang='lat' dir='ltr'>jucundi·</span> 
     </span>
     <span class='ocr_line' id='line_1_5' title="bbox 212 649 1277 738; baseline -0.001 -23"><span class='ocrx_word' id='word_1_29' title='bbox 212 664 260 715; x_wconf 89' lang='lat' dir='ltr'>tas</span> <span class='ocrx_word' id='word_1_30' title='bbox 274 652 372 731; x_wconf 90' lang='lat' dir='ltr'>urbis,</span> <span class='ocrx_word' id='word_1_31' title='bbox 387 653 556 719; x_wconf 87' lang='lat' dir='ltr'>deserenda</span> <span class='ocrx_word' id='word_1_32' title='bbox 569 667 681 717; x_wconf 82' lang='lat' dir='ltr'>oaetera</span> <span class='ocrx_word' id='word_1_33' title='bbox 694 652 804 731; x_wconf 86' lang='lat' dir='ltr'>officia,</span> <span class='ocrx_word' id='word_1_34' title='bbox 819 652 944 738; x_wconf 84' lang='lat' dir='ltr'>utquei</span> <span class='ocrx_word' id='word_1_35' title='bbox 980 649 987 663; x_wconf 84' lang='lat'>‘</span> <span class='ocrx_word' id='word_1_36' title='bbox 1005 650 1128 727; x_wconf 87' lang='lat' dir='ltr'>dicunt,</span> <span class='ocrx_word' id='word_1_37' title='bbox 1143 656 1166 687; x_wconf 87' lang='lat'>“</span> <span class='ocrx_word' id='word_1_38' title='bbox 1175 649 1210 713; x_wconf 91' lang='lat' dir='ltr'>in</span> <span class='ocrx_word' id='word_1_39' title='bbox 1223 672 1277 714; x_wconf 85' lang='lat' dir='ltr'>ne-</span> 
     </span>
     <span class='ocr_line' id='line_1_6' title="bbox 212 735 1153 816; baseline 0 -17"><span class='ocrx_word' id='word_1_40' title='bbox 212 757 301 801; x_wconf 83' lang='lat' dir='ltr'><strong>mora</strong></span> <span class='ocrx_word' id='word_1_41' title='bbox 314 749 346 801; x_wconf 87' lang='lat' dir='ltr'>et</span> <span class='ocrx_word' id='word_1_42' title='bbox 359 738 473 815; x_wconf 86' lang='lat' dir='ltr'>luoos,&#39;&#39;</span> <span class='ocrx_word' id='word_1_43' title='bbox 487 739 522 802; x_wconf 92' lang='lat' dir='ltr'>id</span> <span class='ocrx_word' id='word_1_44' title='bbox 534 751 592 811; x_wconf 84' lang='lat' dir='ltr'>est,</span> <span class='ocrx_word' id='word_1_45' title='bbox 605 738 639 801; x_wconf 90' lang='lat' dir='ltr'>in</span> <span class='ocrx_word' id='word_1_46' title='bbox 654 737 862 816; x_wconf 83' lang='lat' dir='ltr'>solitudinem,</span> <span class='ocrx_word' id='word_1_47' title='bbox 1005 735 1083 804; x_wconf 88' lang='lat' dir='ltr'>dum</span> <span class='ocrx_word' id='word_1_48' title='bbox 1098 746 1153 799; x_wconf 86' lang='lat' dir='ltr'>est</span> 
     </span>
    </p>

    <p class='ocr_par' dir='ltr' id='par_1_3' title="bbox 213 819 1278 1080">
     <span class='ocr_line' id='line_1_7' title="bbox 257 819 1276 910; baseline -0.003 -24"><span class='ocrx_word' id='word_1_49' title='bbox 257 823 305 885; x_wconf 90' lang='lat' dir='ltr'>X.</span> <span class='ocrx_word' id='word_1_50' title='bbox 328 825 378 887; x_wconf 92' lang='lat' dir='ltr'>Ne</span> <span class='ocrx_word' id='word_1_51' title='bbox 399 824 504 909; x_wconf 90' lang='lat' dir='ltr'>opinio</span> <span class='ocrx_word' id='word_1_52' title='bbox 518 824 646 910; x_wconf 88' lang='lat' dir='ltr'>quidem</span> <span class='ocrx_word' id='word_1_53' title='bbox 666 836 698 887; x_wconf 89' lang='lat' dir='ltr'>et</span> <span class='ocrx_word' id='word_1_54' title='bbox 718 822 813 900; x_wconf 82' lang='lat' dir='ltr'>fama,</span> <span class='ocrx_word' id='word_1_55' title='bbox 827 822 880 885; x_wconf 84' lang='lat' dir='ltr'>eui</span> <span class='ocrx_word' id='word_1_56' title='bbox 901 822 958 885; x_wconf 91' lang='lat' dir='ltr'>soli</span> <span class='ocrx_word' id='word_1_57' title='bbox 978 820 1128 898; x_wconf 89' lang='lat' dir='ltr'>serviunt,</span> <span class='ocrx_word' id='word_1_58' title='bbox 1143 831 1175 883; x_wconf 90' lang='lat' dir='ltr'>et</span> <span class='ocrx_word' id='word_1_59' title='bbox 1187 819 1276 906; x_wconf 87' lang='lat' dir='ltr'>quod</span> 
     </span>
     <span class='ocr_line' id='line_1_8' title="bbox 213 906 1277 994; baseline 0 -25"><span class='ocrx_word' id='word_1_60' title='bbox 213 926 314 969; x_wconf 86' lang='lat' dir='ltr'>unum</span> <span class='ocrx_word' id='word_1_61' title='bbox 328 929 393 971; x_wconf 89' lang='lat' dir='ltr'>esse</span> <span class='ocrx_word' id='word_1_62' title='bbox 414 909 549 994; x_wconf 89' lang='lat' dir='ltr'>pretium</span> <span class='ocrx_word' id='word_1_63' title='bbox 570 908 670 991; x_wconf 71' lang='lat' dir='ltr'>omnis</span> <span class='ocrx_word' id='word_1_64' title='bbox 691 907 740 971; x_wconf 88' lang='lat' dir='ltr'>sui</span> <span class='ocrx_word' id='word_1_65' title='bbox 759 906 874 971; x_wconf 85' lang='lat' dir='ltr'>laboris</span> <span class='ocrx_word' id='word_1_66' title='bbox 893 907 1044 984; x_wconf 82' lang='lat' dir='ltr'>fatentur,</span> <span class='ocrx_word' id='word_1_67' title='bbox 1059 926 1149 991; x_wconf 85' lang='lat' dir='ltr'>seque</span> <span class='ocrx_word' id='word_1_68' title='bbox 1168 915 1277 992; x_wconf 80' lang='lat' dir='ltr'>poetas</span> 
     </span>
     <span class='ocr_line' id='line_1_9' title="bbox 213 992 1278 1080; baseline 0.001 -26"><span class='ocrx_word' id='word_1_69' title='bbox 213 1012 310 1075; x_wconf 91' lang='lat' dir='ltr'>quam</span> <span class='ocrx_word' id='word_1_70' title='bbox 339 1005 475 1057; x_wconf 83' lang='lat' dir='ltr'>oratores</span> <span class='ocrx_word' id='word_1_71' title='bbox 500 994 660 1080; x_wconf 87' lang='lat' dir='ltr'>sequitur;</span> <span class='ocrx_word' id='word_1_72' title='bbox 687 992 835 1079; x_wconf 86' lang='lat' dir='ltr'>quoniam</span> <span class='ocrx_word' id='word_1_73' title='bbox 860 992 1030 1055; x_wconf 88' lang='lat' dir='ltr'>medioeres</span> <span class='ocrx_word' id='word_1_74' title='bbox 1053 1003 1162 1078; x_wconf 82' lang='lat' dir='ltr'>poetas</span> <span class='ocrx_word' id='word_1_75' title='bbox 1185 1012 1278 1055; x_wconf 86' lang='lat' dir='ltr'>nemo</span> 
     </span>
    </p>
   </div>
   <div class='ocr_carea' id='block_1_3' title="bbox 213 1074 1391 1165">
    <p class='ocr_par' dir='ltr' id='par_1_4' title="bbox 213 1074 1391 1165">
     <span class='ocr_line' id='line_1_10' title="bbox 213 1074 1391 1165; baseline 0.001 -27"><span class='ocrx_word' id='word_1_76' title='bbox 213 1077 311 1155; x_wconf 89' lang='lat' dir='ltr'>novit,</span> <span class='ocrx_word' id='word_1_77' title='bbox 327 1076 423 1142; x_wconf 90' lang='lat' dir='ltr'>bonos</span> <span class='ocrx_word' id='word_1_78' title='bbox 436 1078 538 1165; x_wconf 84' lang='lat' dir='ltr'>pauci.</span> <span class='ocrx_word' id='word_1_79' title='bbox 584 1078 717 1156; x_wconf 83' lang='lat' dir='ltr'>Quando</span> <span class='ocrx_word' id='word_1_80' title='bbox 732 1077 813 1140; x_wconf 91' lang='lat' dir='ltr'>enim</span> <span class='ocrx_word' id='word_1_81' title='bbox 825 1077 1051 1141; x_wconf 80' lang='lat' dir='ltr'>rarissimarum</span> <span class='ocrx_word' id='word_1_82' title='bbox 1060 1074 1278 1139; x_wconf 77' lang='lat' dir='ltr'>recitationum</span> <span class='ocrx_word' id='word_1_83' title='bbox 1386 1148 1391 1159; x_wconf 33' lang='grc' dir='ltr'>Ι</span> 
     </span>
    </p>
   </div>
   <div class='ocr_carea' id='block_1_4' title="bbox 208 1158 1285 2607">
    <p class='ocr_par' dir='ltr' id='par_1_5' title="bbox 208 1158 1285 2607">
     <span class='ocr_line' id='line_1_11' title="bbox 214 1158 1279 1249; baseline 0.004 -28"><span class='ocrx_word' id='word_1_84' title='bbox 214 1159 298 1224; x_wconf 83' lang='lat' dir='ltr'>fama</span> <span class='ocrx_word' id='word_1_85' title='bbox 311 1162 344 1226; x_wconf 93' lang='lat' dir='ltr'>in</span> <span class='ocrx_word' id='word_1_86' title='bbox 357 1174 455 1227; x_wconf 83' lang='lat' dir='ltr'>totam</span> <span class='ocrx_word' id='word_1_87' title='bbox 468 1165 581 1228; x_wconf 88' lang='lat' dir='ltr'>urbem</span> <span class='ocrx_word' id='word_1_88' title='bbox 601 1166 766 1249; x_wconf 83' lang='lat' dir='ltr'>penetrat?</span> <span class='ocrx_word' id='word_1_89' title='bbox 789 1161 907 1226; x_wconf 91' lang='lat' dir='ltr'>nedum</span> <span class='ocrx_word' id='word_1_90' title='bbox 921 1175 959 1226; x_wconf 92' lang='lat' dir='ltr'>ut</span> <span class='ocrx_word' id='word_1_91' title='bbox 971 1184 1029 1248; x_wconf 92' lang='lat' dir='ltr'>per</span> <span class='ocrx_word' id='word_1_92' title='bbox 1043 1172 1090 1225; x_wconf 87' lang='lat' dir='ltr'>tot</span> <span class='ocrx_word' id='word_1_93' title='bbox 1104 1158 1279 1247; x_wconf 80' lang='lat' dir='ltr'>provincias</span> 
     </span>
     <span class='ocr_line' id='line_1_12' title="bbox 208 1242 1279 1335; baseline -0.002 -24"><span class='ocrx_word' id='word_1_94' title='bbox 208 1242 393 1313; x_wconf 78' lang='lat' dir='ltr'>innotescat.</span> <span class='ocrx_word' id='word_1_95' title='bbox 437 1248 709 1335; x_wconf 84' lang='lat' dir='ltr'>Quotusquisque,</span> <span class='ocrx_word' id='word_1_96' title='bbox 724 1269 797 1310; x_wconf 91' lang='lat' dir='ltr'>cum</span> <span class='ocrx_word' id='word_1_97' title='bbox 810 1270 851 1310; x_wconf 85' lang='lat' dir='ltr'>ex</span> <span class='ocrx_word' id='word_1_98' title='bbox 871 1247 1037 1334; x_wconf 79' lang='lat' dir='ltr'>Hispania,</span> <span class='ocrx_word' id='word_1_99' title='bbox 1052 1244 1102 1310; x_wconf 85' lang='lat' dir='ltr'>vel</span> <span class='ocrx_word' id='word_1_100' title='bbox 1116 1244 1206 1322; x_wconf 82' lang='lat' dir='ltr'>Asia,</span> <span class='ocrx_word' id='word_1_101' title='bbox 1222 1244 1279 1326; x_wconf 81' lang='lat' dir='ltr'>(nc</span> 
     </span>
     <span class='ocr_line' id='line_1_13' title="bbox 214 1328 1279 1417; baseline 0 -24"><span class='ocrx_word' id='word_1_102' title='bbox 214 1330 293 1415; x_wconf 91' lang='lat' dir='ltr'>quid</span> <span class='ocrx_word' id='word_1_103' title='bbox 314 1332 354 1396; x_wconf 92' lang='lat' dir='ltr'>de</span> <span class='ocrx_word' id='word_1_104' title='bbox 376 1332 479 1397; x_wconf 85' lang='lat' dir='ltr'>Gallis</span> <span class='ocrx_word' id='word_1_105' title='bbox 496 1334 609 1398; x_wconf 90' lang='lat' dir='ltr'>nostris</span> <span class='ocrx_word' id='word_1_106' title='bbox 628 1333 639 1395; x_wconf 93' lang='lat' dir='ltr'>l</span> <span class='ocrx_word' id='word_1_107' title='bbox 682 1334 809 1417; x_wconf 89' lang='lat' dir='ltr'>uamur)</span> <span class='ocrx_word' id='word_1_108' title='bbox 832 1332 865 1395; x_wconf 93' lang='lat' dir='ltr'>in</span> <span class='ocrx_word' id='word_1_109' title='bbox 888 1333 998 1396; x_wconf 91' lang='lat' dir='ltr'>urbem</span> <span class='ocrx_word' id='word_1_110' title='bbox 1022 1330 1119 1408; x_wconf 87' lang='lat' dir='ltr'>venit,</span> <span class='ocrx_word' id='word_1_111' title='bbox 1140 1328 1279 1395; x_wconf 79' lang='lat' dir='ltr'>Saleium</span> 
     </span>
     <span class='ocr_line' id='line_1_14' title="bbox 214 1356 1279 1503; baseline 0 -25"><span class='ocrx_word' id='word_1_112' title='bbox 214 1416 348 1481; x_wconf 86' lang='lat' dir='ltr'>Bassum</span> <span class='ocrx_word' id='word_1_113' title='bbox 362 1418 515 1503; x_wconf 79' lang='lat' dir='ltr'>requirit?</span> <span class='ocrx_word' id='word_1_114' title='bbox 536 1356 724 1503; x_wconf 66' lang='lat' dir='ltr'>atqueiiieo</span> <span class='ocrx_word' id='word_1_115' title='bbox 746 1417 772 1481; x_wconf 85' lang='lat' dir='ltr'>si</span> <span class='ocrx_word' id='word_1_116' title='bbox 785 1417 857 1503; x_wconf 87' lang='lat' dir='ltr'>quis</span> <span class='ocrx_word' id='word_1_117' title='bbox 870 1417 1012 1503; x_wconf 84' lang='lat' dir='ltr'>requirit,</span> <span class='ocrx_word' id='word_1_118' title='bbox 1028 1429 1065 1480; x_wconf 91' lang='lat' dir='ltr'>ut</span> <span class='ocrx_word' id='word_1_119' title='bbox 1079 1413 1173 1480; x_wconf 85' lang='lat' dir='ltr'>semel</span> <span class='ocrx_word' id='word_1_120' title='bbox 1185 1414 1279 1492; x_wconf 79' lang='lat' dir='ltr'>vidit,</span> 
     </span>
     <span class='ocr_line' id='line_1_15' title="bbox 214 1499 1279 1588; baseline 0.004 -27"><span class='ocrx_word' id='word_1_121' title='bbox 214 1500 336 1578; x_wconf 82' lang='lat' dir='ltr'>transit,</span> <span class='ocrx_word' id='word_1_122' title='bbox 351 1516 382 1566; x_wconf 93' lang='lat' dir='ltr'>et</span> <span class='ocrx_word' id='word_1_123' title='bbox 395 1516 557 1568; x_wconf 85' lang='lat' dir='ltr'>contentus</span> <span class='ocrx_word' id='word_1_124' title='bbox 566 1516 634 1577; x_wconf 85' lang='lat' dir='ltr'>est3</span> <span class='ocrx_word' id='word_1_125' title='bbox 658 1515 696 1567; x_wconf 83' lang='lat' dir='ltr'>ut</span> <span class='ocrx_word' id='word_1_126' title='bbox 717 1502 743 1565; x_wconf 90' lang='lat' dir='ltr'>si</span> <span class='ocrx_word' id='word_1_127' title='bbox 755 1502 912 1588; x_wconf 83' lang='lat' dir='ltr'>picturam</span> <span class='ocrx_word' id='word_1_128' title='bbox 926 1501 1064 1587; x_wconf 78' lang='lat' dir='ltr'>aliquam</span> <span class='ocrx_word' id='word_1_129' title='bbox 1079 1499 1129 1563; x_wconf 79' lang='lat' dir='ltr'>vel</span> <span class='ocrx_word' id='word_1_130' title='bbox 1143 1510 1279 1565; x_wconf 78' lang='lat' dir='ltr'>statuam</span> 
     </span>
     <span class='ocr_line' id='line_1_16' title="bbox 214 1584 1280 1672; baseline 0.003 -26"><span class='ocrx_word' id='word_1_131' title='bbox 214 1584 351 1650; x_wconf 79' lang='lat' dir='ltr'>vidisset.</span> <span class='ocrx_word' id='word_1_132' title='bbox 394 1590 427 1651; x_wconf 95' lang='lat' dir='ltr'>N</span> <span class='ocrx_word' id='word_1_133' title='bbox 467 1612 506 1653; x_wconf 91' lang='lat' dir='ltr'>ue</span> <span class='ocrx_word' id='word_1_134' title='bbox 520 1590 604 1652; x_wconf 90' lang='lat' dir='ltr'>hunc</span> <span class='ocrx_word' id='word_1_135' title='bbox 618 1610 724 1651; x_wconf 89' lang='lat' dir='ltr'>meum</span> <span class='ocrx_word' id='word_1_136' title='bbox 742 1610 915 1651; x_wconf 89' lang='lat' dir='ltr'>sermonem</span> <span class='ocrx_word' id='word_1_137' title='bbox 929 1588 972 1651; x_wconf 87' lang='lat' dir='ltr'>sic</span> <span class='ocrx_word' id='word_1_138' title='bbox 992 1585 1090 1672; x_wconf 87' lang='lat' dir='ltr'>aocipi</span> <span class='ocrx_word' id='word_1_139' title='bbox 1104 1585 1186 1663; x_wconf 92' lang='lat' dir='ltr'>volo,</span> <span class='ocrx_word' id='word_1_140' title='bbox 1201 1598 1280 1649; x_wconf 81' lang='lat' dir='ltr'>tam-</span> 
     </span>
     <span class='ocr_line' id='line_1_17' title="bbox 214 1611 1279 1817; baseline 0.001 -85"><span class='ocrx_word' id='word_1_141' title='bbox 214 1690 310 1817; x_wconf 69' lang='lat' dir='ltr'>quam</span> <span class='ocrx_word' id='word_1_142' title='bbox 324 1694 386 1749; x_wconf 87' lang='lat' dir='ltr'>eos,</span> <span class='ocrx_word' id='word_1_143' title='bbox 401 1611 518 1757; x_wconf 73' lang='lat' dir='ltr'>qiiilrus</span> <span class='ocrx_word' id='word_1_144' title='bbox 535 1686 648 1737; x_wconf 83' lang='lat' dir='ltr'>natura</span> <span class='ocrx_word' id='word_1_145' title='bbox 662 1696 719 1737; x_wconf 84' lang='lat' dir='ltr'>sua</span> <span class='ocrx_word' id='word_1_146' title='bbox 733 1673 903 1737; x_wconf 86' lang='lat' dir='ltr'>oratorium</span> <span class='ocrx_word' id='word_1_147' title='bbox 924 1672 958 1735; x_wconf 91' lang='lat' dir='ltr'>in</span> <span class='ocrx_word' id='word_1_148' title='bbox 998 1671 1087 1735; x_wconf 91' lang='lat' dir='ltr'>nium</span> <span class='ocrx_word' id='word_1_149' title='bbox 1101 1669 1279 1756; x_wconf 80' lang='lat' dir='ltr'>denegavit,</span> 
     </span>
     <span class='ocr_line' id='line_1_18' title="bbox 237 1695 1284 1843; baseline 0 -26"><span class='ocrx_word' id='word_1_150' title='bbox 237 1767 387 1819; x_wconf 85' lang='lat' dir='ltr'>eterream</span> <span class='ocrx_word' id='word_1_151' title='bbox 402 1758 624 1835; x_wconf 87' lang='lat' dir='ltr'>aoarminibus,</span> <span class='ocrx_word' id='word_1_152' title='bbox 640 1757 665 1821; x_wconf 89' lang='lat' dir='ltr'>si</span> <span class='ocrx_word' id='word_1_153' title='bbox 679 1758 775 1821; x_wconf 88' lang='lat' dir='ltr'>modo</span> <span class='ocrx_word' id='word_1_154' title='bbox 787 1758 821 1821; x_wconf 91' lang='lat' dir='ltr'>in</span> <span class='ocrx_word' id='word_1_155' title='bbox 835 1758 893 1821; x_wconf 86' lang='lat' dir='ltr'>hac</span> <span class='ocrx_word' id='word_1_156' title='bbox 907 1695 1083 1821; x_wconf 62' lang='lat' dir='ltr'>stuiiorum</span> <span class='ocrx_word' id='word_1_157' title='bbox 1097 1769 1186 1843; x_wconf 83' lang='lat' dir='ltr'>parte</span> <span class='ocrx_word' id='word_1_158' title='bbox 1196 1754 1284 1819; x_wconf 82' lang='lat' dir='ltr'>oble-</span> 
     </span>
     <span class='ocr_line' id='line_1_19' title="bbox 215 1840 1283 1926; baseline -0.003 -23"><span class='ocrx_word' id='word_1_159' title='bbox 215 1850 301 1903; x_wconf 84' lang='lat' dir='ltr'>ctare</span> <span class='ocrx_word' id='word_1_160' title='bbox 313 1840 424 1917; x_wconf 85' lang='lat' dir='ltr'>otium,</span> <span class='ocrx_word' id='word_1_161' title='bbox 439 1853 472 1903; x_wconf 89' lang='lat' dir='ltr'>et</span> <span class='ocrx_word' id='word_1_162' title='bbox 485 1864 598 1905; x_wconf 89' lang='lat' dir='ltr'>nomen</span> <span class='ocrx_word' id='word_1_163' title='bbox 611 1842 744 1905; x_wconf 88' lang='lat' dir='ltr'>inserere</span> <span class='ocrx_word' id='word_1_164' title='bbox 761 1855 893 1926; x_wconf 87' lang='lat' dir='ltr'>possunt</span> <span class='ocrx_word' id='word_1_165' title='bbox 912 1842 1023 1905; x_wconf 81' lang='lat' dir='ltr'>famae:</span> <span class='ocrx_word' id='word_1_166' title='bbox 1046 1864 1107 1925; x_wconf 88' lang='lat' dir='ltr'>ego</span> <span class='ocrx_word' id='word_1_167' title='bbox 1127 1860 1202 1901; x_wconf 83' lang='lat' dir='ltr'>vero</span> <span class='ocrx_word' id='word_1_168' title='bbox 1213 1860 1283 1901; x_wconf 86' lang='lat' dir='ltr'>om·</span> 
     </span>
     <span class='ocr_line' id='line_1_20' title="bbox 216 1922 1282 2010; baseline -0.001 -23"><span class='ocrx_word' id='word_1_169' title='bbox 216 1946 288 1987; x_wconf 91' lang='lat' dir='ltr'>nem</span> <span class='ocrx_word' id='word_1_170' title='bbox 303 1922 511 2010; x_wconf 87' lang='lat' dir='ltr'>eloquentiam</span> <span class='ocrx_word' id='word_1_171' title='bbox 532 1946 700 2010; x_wconf 90' lang='lat' dir='ltr'>omnesque</span> <span class='ocrx_word' id='word_1_172' title='bbox 714 1925 784 2009; x_wconf 90' lang='lat' dir='ltr'>ejus</span> <span class='ocrx_word' id='word_1_173' title='bbox 804 1937 908 2010; x_wconf 90' lang='lat' dir='ltr'>partes</span> <span class='ocrx_word' id='word_1_174' title='bbox 929 1946 1030 1987; x_wconf 86' lang='lat' dir='ltr'>sacras</span> <span class='ocrx_word' id='word_1_175' title='bbox 1042 1935 1074 1987; x_wconf 89' lang='lat' dir='ltr'>et</span> <span class='ocrx_word' id='word_1_176' title='bbox 1092 1922 1282 1986; x_wconf 86' lang='lat' dir='ltr'>venerabiles</span> 
     </span>
     <span class='ocr_line' id='line_1_21' title="bbox 217 2007 1283 2096; baseline -0.002 -24"><span class='ocrx_word' id='word_1_177' title='bbox 217 2022 313 2096; x_wconf 86' lang='lat' dir='ltr'>puto:</span> <span class='ocrx_word' id='word_1_178' title='bbox 336 2032 393 2073; x_wconf 94' lang='lat' dir='ltr'>nec</span> <span class='ocrx_word' id='word_1_179' title='bbox 418 2009 518 2073; x_wconf 90' lang='lat' dir='ltr'>solum</span> <span class='ocrx_word' id='word_1_180' title='bbox 534 2009 725 2073; x_wconf 90' lang='lat' dir='ltr'>cothurnum</span> <span class='ocrx_word' id='word_1_181' title='bbox 746 2021 895 2085; x_wconf 84' lang='lat' dir='ltr'>vestrum,</span> <span class='ocrx_word' id='word_1_182' title='bbox 920 2017 976 2071; x_wconf 87' lang='lat' dir='ltr'>aut</span> <span class='ocrx_word' id='word_1_183' title='bbox 997 2007 1112 2071; x_wconf 85' lang='lat' dir='ltr'>heroici</span> <span class='ocrx_word' id='word_1_184' title='bbox 1137 2007 1283 2071; x_wconf 81' lang='lat' dir='ltr'>carminis</span> 
     </span>
     <span class='ocr_line' id='line_1_22' title="bbox 218 2090 1284 2180; baseline 0.002 -23"><span class='ocrx_word' id='word_1_185' title='bbox 218 2115 339 2171; x_wconf 85' lang='lat' dir='ltr'>sonum,</span> <span class='ocrx_word' id='word_1_186' title='bbox 351 2092 405 2157; x_wconf 91' lang='lat' dir='ltr'>sed</span> <span class='ocrx_word' id='word_1_187' title='bbox 415 2094 583 2179; x_wconf 85' lang='lat' dir='ltr'>lyricorum</span> <span class='ocrx_word' id='word_1_188' title='bbox 595 2116 722 2179; x_wconf 92' lang='lat' dir='ltr'>quoque</span> <span class='ocrx_word' id='word_1_189' title='bbox 733 2092 974 2180; x_wconf 83' lang='lat' dir='ltr'>jucunditatem,</span> <span class='ocrx_word' id='word_1_190' title='bbox 986 2106 1018 2157; x_wconf 90' lang='lat' dir='ltr'>et</span> <span class='ocrx_word' id='word_1_191' title='bbox 1026 2092 1185 2178; x_wconf 85' lang='lat' dir='ltr'>elegorum</span> <span class='ocrx_word' id='word_1_192' title='bbox 1195 2090 1284 2159; x_wconf 78' lang='lat' dir='ltr'>lasci·</span> 
     </span>
     <span class='ocr_line' id='line_1_23' title="bbox 217 2177 1283 2265; baseline -0.001 -24"><span class='ocrx_word' id='word_1_193' title='bbox 217 2178 292 2257; x_wconf 79' lang='lat' dir='ltr'>viss,</span> <span class='ocrx_word' id='word_1_194' title='bbox 307 2190 339 2242; x_wconf 90' lang='lat' dir='ltr'>et</span> <span class='ocrx_word' id='word_1_195' title='bbox 357 2178 533 2243; x_wconf 87' lang='lat' dir='ltr'>iamborum</span> <span class='ocrx_word' id='word_1_196' title='bbox 551 2177 802 2256; x_wconf 87' lang='lat' dir='ltr'>amaritudinem,</span> <span class='ocrx_word' id='word_1_197' title='bbox 816 2190 849 2242; x_wconf 91' lang='lat' dir='ltr'>et</span> <span class='ocrx_word' id='word_1_198' title='bbox 862 2177 1123 2265; x_wconf 83' lang='lat' dir='ltr'>epigrammatum</span> <span class='ocrx_word' id='word_1_199' title='bbox 1137 2177 1237 2255; x_wconf 89' lang='lat' dir='ltr'>lusus,</span> <span class='ocrx_word' id='word_1_200' title='bbox 1249 2190 1283 2241; x_wconf 92' lang='lat' dir='ltr'>et</span> 
     </span>
     <span class='ocr_line' id='line_1_24' title="bbox 217 2261 1284 2412; baseline 0 -85"><span class='ocrx_word' id='word_1_201' title='bbox 217 2276 447 2349; x_wconf 90' lang='lat' dir='ltr'>&#39;quamcumque</span> <span class='ocrx_word' id='word_1_202' title='bbox 461 2263 554 2328; x_wconf 82' lang='lat' dir='ltr'>aliam</span> <span class='ocrx_word' id='word_1_203' title='bbox 569 2264 701 2350; x_wconf 89' lang='lat' dir='ltr'>speeiem</span> <span class='ocrx_word' id='word_1_204' title='bbox 711 2261 889 2412; x_wconf 49' lang='lat' dir='ltr'>effiuentia</span> <span class='ocrx_word' id='word_1_205' title='bbox 901 2263 1025 2341; x_wconf 87' lang='lat' dir='ltr'>habeat,</span> <span class='ocrx_word' id='word_1_206' title='bbox 1033 2262 1284 2350; x_wconf 84' lang='lat' dir='ltr'>anteponendam</span> 
     </span>
     <span class='ocr_line' id='line_1_25' title="bbox 218 2347 1283 2427; baseline 0.001 -16"><span class='ocrx_word' id='word_1_207' title='bbox 218 2347 324 2412; x_wconf 83' lang='lat' dir='ltr'>ceteris</span> <span class='ocrx_word' id='word_1_208' title='bbox 334 2348 466 2413; x_wconf 81' lang='lat' dir='ltr'>aliarum</span> <span class='ocrx_word' id='word_1_209' title='bbox 474 2348 588 2415; x_wconf 83' lang='lat' dir='ltr'>artium</span> <span class='ocrx_word' id='word_1_210' title='bbox 598 2348 736 2413; x_wconf 87' lang='lat' dir='ltr'>studiisc</span> <span class='ocrx_word' id='word_1_211' title='bbox 793 2371 831 2412; x_wconf 86' lang='lat' dir='ltr'>o:</span> <span class='ocrx_word' id='word_1_212' title='bbox 848 2348 1014 2413; x_wconf 85' lang='lat' dir='ltr'>sedtecum</span> <span class='ocrx_word' id='word_1_213' title='bbox 1025 2348 1113 2427; x_wconf 89' lang='lat' dir='ltr'>mihi,</span> <span class='ocrx_word' id='word_1_214' title='bbox 1124 2350 1283 2427; x_wconf 78' lang='lat' dir='ltr'>Materne,</span> 
     </span>
     <span class='ocr_line' id='line_1_26' title="bbox 216 2431 1285 2519; baseline 0.001 -23"><span class='ocrx_word' id='word_1_215' title='bbox 216 2453 267 2496; x_wconf 82' lang='lat' dir='ltr'>res</span> <span class='ocrx_word' id='word_1_216' title='bbox 280 2446 337 2512; x_wconf 87' lang='lat' dir='ltr'>est,</span> <span class='ocrx_word' id='word_1_217' title='bbox 351 2434 450 2519; x_wconf 89' lang='lat' dir='ltr'>quod,</span> <span class='ocrx_word' id='word_1_218' title='bbox 463 2456 537 2498; x_wconf 89' lang='lat' dir='ltr'>eum</span> <span class='ocrx_word' id='word_1_219' title='bbox 558 2445 671 2499; x_wconf 82' lang='lat' dir='ltr'>natura</span> <span class='ocrx_word' id='word_1_220' title='bbox 684 2445 740 2496; x_wconf 86' lang='lat' dir='ltr'>tua</span> <span class='ocrx_word' id='word_1_221' title='bbox 761 2432 795 2495; x_wconf 92' lang='lat' dir='ltr'>in</span> <span class='ocrx_word' id='word_1_222' title='bbox 816 2432 915 2519; x_wconf 85' lang='lat' dir='ltr'>ipsam</span> <span class='ocrx_word' id='word_1_223' title='bbox 929 2455 1032 2495; x_wconf 89' lang='lat' dir='ltr'>arcem</span> <span class='ocrx_word' id='word_1_224' title='bbox 1046 2431 1232 2517; x_wconf 76' lang='lat' dir='ltr'>eloquentia·</span> <span class='ocrx_word' id='word_1_225' title='bbox 1250 2446 1285 2497; x_wconf 86' lang='lat' dir='ltr'>te</span> 
     </span>
     <span class='ocr_line' id='line_1_27' title="bbox 216 2516 1284 2607; baseline 0.001 -25"><span class='ocrx_word' id='word_1_226' title='bbox 216 2516 308 2607; x_wconf 79' lang='lat' dir='ltr'>ferat,</span> <span class='ocrx_word' id='word_1_227' title='bbox 318 2540 419 2584; x_wconf 87' lang='lat' dir='ltr'>errare</span> <span class='ocrx_word' id='word_1_228' title='bbox 432 2518 542 2597; x_wconf 88' lang='lat' dir='ltr'>mavis,</span> <span class='ocrx_word' id='word_1_229' title='bbox 551 2530 593 2599; x_wconf 89' lang='lat' dir='ltr'>et,</span> <span class='ocrx_word' id='word_1_230' title='bbox 609 2540 731 2585; x_wconf 81' lang='lat' dir='ltr'>summa</span> <span class='ocrx_word' id='word_1_231' title='bbox 744 2516 888 2604; x_wconf 87' lang='lat' dir='ltr'>adeptus,</span> <span class='ocrx_word' id='word_1_232' title='bbox 902 2517 936 2581; x_wconf 93' lang='lat' dir='ltr'>in</span> <span class='ocrx_word' id='word_1_233' title='bbox 949 2516 1118 2583; x_wconf 87' lang='lat' dir='ltr'>levioribus</span> <span class='ocrx_word' id='word_1_234' title='bbox 1132 2517 1284 2583; x_wconf 80' lang='lat' dir='ltr'>subsistis</span> 
     </span>
    </p>
   </div>
   <div class='ocr_carea' id='block_1_5' title="bbox 213 2762 1287 4237">
    <p class='ocr_par' dir='ltr' id='par_1_6' title="bbox 213 2762 1287 3195">
     <span class='ocr_line' id='line_1_28' title="bbox 250 2762 1284 2829; baseline 0.001 -17"><span class='ocrx_word' id='word_1_235' title='bbox 250 2766 281 2813; x_wconf 81' lang='lat' dir='ltr'>Se</span> <span class='ocrx_word' id='word_1_236' title='bbox 289 2765 367 2827; x_wconf 71' lang='grc' dir='ltr'>ἰρηιηι</span> <span class='ocrx_word' id='word_1_237' title='bbox 375 2766 456 2825; x_wconf 74' lang='lat' dir='ltr'>colere,</span> <span class='ocrx_word' id='word_1_238' title='bbox 467 2780 537 2813; x_wconf 76' lang='lat' dir='ltr'>roem</span> <span class='ocrx_word' id='word_1_239' title='bbox 544 2766 643 2825; x_wconf 54' lang='lat' dir='ltr'>motam</span> <span class='ocrx_word' id='word_1_240' title='bbox 651 2762 733 2825; x_wconf 76' lang='lat' dir='ltr'>propt-</span> <span class='ocrx_word' id='word_1_241' title='bbox 765 2764 876 2825; x_wconf 69' lang='lat' dir='ltr'>Rssfimi,</span> <span class='ocrx_word' id='word_1_242' title='bbox 893 2778 948 2813; x_wconf 80' lang='lat' dir='ltr'>mm</span> <span class='ocrx_word' id='word_1_243' title='bbox 963 2765 989 2813; x_wconf 84' lang='lat' dir='ltr'>in</span> <span class='ocrx_word' id='word_1_244' title='bbox 1004 2765 1091 2829; x_wconf 79' lang='lat' dir='ltr'>scripto</span> <span class='ocrx_word' id='word_1_245' title='bbox 1099 2771 1166 2820; x_wconf 66' lang='lat' dir='ltr'>eust,</span> <span class='ocrx_word' id='word_1_246' title='bbox 1172 2770 1284 2827; x_wconf 70' lang='lat' dir='ltr'>penetrat</span> 
     </span>
     <span class='ocr_line' id='line_1_29' title="bbox 215 2828 1283 2892; baseline 0.001 -16"><span class='ocrx_word' id='word_1_247' title='bbox 215 2829 291 2892; x_wconf 26' lang='lat' dir='ltr'>imre]</span> <span class='ocrx_word' id='word_1_248' title='bbox 310 2828 374 2875; x_wconf 80' lang='lat' dir='ltr'>Nam</span> <span class='ocrx_word' id='word_1_249' title='bbox 383 2829 408 2876; x_wconf 89' lang='lat' dir='ltr'>iu</span> <span class='ocrx_word' id='word_1_250' title='bbox 418 2829 459 2877; x_wconf 89' lang='lat' dir='ltr'>illo</span> <span class='ocrx_word' id='word_1_251' title='bbox 467 2838 523 2889; x_wconf 80' lang='lat' dir='ltr'>eret,</span> <span class='ocrx_word' id='word_1_252' title='bbox 531 2844 601 2876; x_wconf 77' lang='lat' dir='ltr'>reum</span> <span class='ocrx_word' id='word_1_253' title='bbox 611 2830 734 2889; x_wconf 72' lang='lat' dir='ltr'>ingenium</span> <span class='ocrx_word' id='word_1_254' title='bbox 763 2830 886 2877; x_wconf 67' lang='lat' dir='ltr'>matum.-</span> <span class='ocrx_word' id='word_1_255' title='bbox 902 2830 929 2876; x_wconf 90' lang='lat' dir='ltr'>iu</span> <span class='ocrx_word' id='word_1_256' title='bbox 938 2829 1048 2891; x_wconf 78' lang='lat' dir='ltr'>vulgatis,</span> <span class='ocrx_word' id='word_1_257' title='bbox 1059 2835 1171 2876; x_wconf 71' lang='lat' dir='ltr'>mmm</span> <span class='ocrx_word' id='word_1_258' title='bbox 1206 2829 1283 2878; x_wconf 75' lang='lat' dir='ltr'>lain.</span> 
     </span>
     <span class='ocr_line' id='line_1_30' title="bbox 213 2891 1286 2958; baseline 0.002 -20"><span class='ocrx_word' id='word_1_259' title='bbox 213 2894 355 2954; x_wconf 71' lang='lat' dir='ltr'>propitiare.</span> <span class='ocrx_word' id='word_1_260' title='bbox 386 2892 453 2940; x_wconf 78' lang='lat' dir='ltr'>Auri</span> <span class='ocrx_word' id='word_1_261' title='bbox 465 2910 480 2941; x_wconf 78' lang='lat' dir='ltr'>a</span> <span class='ocrx_word' id='word_1_262' title='bbox 489 2893 550 2941; x_wconf 87' lang='lat' dir='ltr'>libro</span> <span class='ocrx_word' id='word_1_263' title='bbox 556 2901 579 2941; x_wconf 85' lang='lat' dir='ltr'>et</span> <span class='ocrx_word' id='word_1_264' title='bbox 588 2891 673 2955; x_wconf 78' lang='lat' dir='ltr'>partim</span> <span class='ocrx_word' id='word_1_265' title='bbox 684 2905 734 2939; x_wconf 85' lang='lat' dir='ltr'>cor·</span> <span class='ocrx_word' id='word_1_266' title='bbox 798 2895 842 2940; x_wconf 83' lang='lat' dir='ltr'>Ne</span> <span class='ocrx_word' id='word_1_267' title='bbox 859 2891 959 2958; x_wconf 66' lang='lat' dir='ltr'>quidde</span> <span class='ocrx_word' id='word_1_268' title='bbox 980 2892 1068 2955; x_wconf 71' lang='lat' dir='ltr'>Gallis]</span> <span class='ocrx_word' id='word_1_269' title='bbox 1084 2893 1214 2954; x_wconf 81' lang='lat' dir='ltr'>Schulting.</span> <span class='ocrx_word' id='word_1_270' title='bbox 1233 2907 1286 2940; x_wconf 76' lang='lat' dir='ltr'>ms-</span> 
     </span>
     <span class='ocr_line' id='line_1_31' title="bbox 214 2954 1286 3021; baseline -0.001 -17"><span class='ocrx_word' id='word_1_271' title='bbox 214 2956 268 3004; x_wconf 82' lang='lat' dir='ltr'>rexi</span> <span class='ocrx_word' id='word_1_272' title='bbox 276 2974 285 3015; x_wconf 89' lang='lat'>;</span> <span class='ocrx_word' id='word_1_273' title='bbox 297 2968 340 3019; x_wconf 90' lang='lat' dir='ltr'>pro</span> <span class='ocrx_word' id='word_1_274' title='bbox 348 2970 394 3018; x_wconf 90' lang='lat' dir='ltr'>quo</span> <span class='ocrx_word' id='word_1_275' title='bbox 401 2970 480 3005; x_wconf 88' lang='lat' dir='ltr'>sensus</span> <span class='ocrx_word' id='word_1_276' title='bbox 487 2957 536 3021; x_wconf 87' lang='lat' dir='ltr'>ipse</span> <span class='ocrx_word' id='word_1_277' title='bbox 545 2956 612 3004; x_wconf 75' lang='lat' dir='ltr'>facile</span> <span class='ocrx_word' id='word_1_278' title='bbox 620 2954 734 3018; x_wconf 78' lang='lat' dir='ltr'>suggessit</span> <span class='ocrx_word' id='word_1_279' title='bbox 765 2956 817 3004; x_wconf 85' lang='lat' dir='ltr'>vult</span> <span class='ocrx_word' id='word_1_280' title='bbox 828 2958 932 3013; x_wconf 64' lang='lat' dir='ltr'>Gollttu</span> <span class='ocrx_word' id='word_1_281' title='bbox 948 2970 1084 3019; x_wconf 73' lang='lat' dir='ltr'>perperam:</span> <span class='ocrx_word' id='word_1_282' title='bbox 1102 2956 1209 3004; x_wconf 81' lang='lat' dir='ltr'>homines</span> <span class='ocrx_word' id='word_1_283' title='bbox 1220 2955 1286 3003; x_wconf 77' lang='lat' dir='ltr'>Galli</span> 
     </span>
     <span class='ocr_line' id='line_1_32' title="bbox 216 3017 1285 3083; baseline 0.002 -18"><span class='ocrx_word' id='word_1_284' title='bbox 216 3022 321 3080; x_wconf 77' lang='lat' dir='ltr'>gentum.</span> <span class='ocrx_word' id='word_1_285' title='bbox 339 3020 413 3069; x_wconf 72' lang='lat' dir='ltr'>Lus</span> <span class='ocrx_word' id='word_1_286' title='bbox 430 3019 734 3069; x_wconf 81' lang='lat' dir='ltr'>Sediuhnclectioneintel·</span> <span class='ocrx_word' id='word_1_287' title='bbox 766 3020 1037 3083; x_wconf 75' lang='lat' dir='ltr'>advenaintolliguntur.</span> <span class='ocrx_word' id='word_1_288' title='bbox 1063 3017 1126 3066; x_wconf 82' lang='lat' dir='ltr'>Mox</span> <span class='ocrx_word' id='word_1_289' title='bbox 1137 3018 1207 3066; x_wconf 80' lang='lat' dir='ltr'>Aeid.</span> <span class='ocrx_word' id='word_1_290' title='bbox 1215 3026 1285 3067; x_wconf 76' lang='lat' dir='ltr'>utre-</span> 
     </span>
     <span class='ocr_line' id='line_1_33' title="bbox 228 3080 1287 3195; baseline 0 -64"><span class='ocrx_word' id='word_1_291' title='bbox 228 3084 234 3095; x_wconf 90' lang='lat'>&#39;</span> <span class='ocrx_word' id='word_1_292' title='bbox 279 3084 337 3131; x_wconf 88' lang='lat' dir='ltr'>dum</span> <span class='ocrx_word' id='word_1_293' title='bbox 356 3099 370 3131; x_wconf 84' lang='lat' dir='ltr'>e</span> <span class='ocrx_word' id='word_1_294' title='bbox 380 3084 568 3195; x_wconf 52' lang='lat' dir='ltr'>prudentibus</span> <span class='ocrx_word' id='word_1_295' title='bbox 588 3086 676 3145; x_wconf 62' lang='lat' dir='ltr'>iprum,</span> <span class='ocrx_word' id='word_1_296' title='bbox 693 3090 735 3130; x_wconf 87' lang='lat' dir='ltr'>aut</span> <span class='ocrx_word' id='word_1_297' title='bbox 764 3083 1071 3147; x_wconf 64' lang='lat' dir='ltr'>momnproreegregta</span> <span class='ocrx_word' id='word_1_298' title='bbox 1089 3080 1287 3143; x_wconf 75' lang='lat' dir='ltr'>Reoep&#39;nHmm.</span> 
     </span>
    </p>

    <p class='ocr_par' dir='ltr' id='par_1_7' title="bbox 213 3145 1286 3662">
     <span class='ocr_line' id='line_1_34' title="bbox 292 3145 1285 3210; baseline 0.001 -15"><span class='ocrx_word' id='word_1_299' title='bbox 292 3148 358 3195; x_wconf 82' lang='lat' dir='ltr'>dum.</span> <span class='ocrx_word' id='word_1_300' title='bbox 404 3148 574 3210; x_wconf 76' lang='lat' dir='ltr'>interiusputat</span> <span class='ocrx_word' id='word_1_301' title='bbox 583 3147 642 3195; x_wconf 83' lang='lat' dir='ltr'>sorte</span> <span class='ocrx_word' id='word_1_302' title='bbox 650 3146 734 3195; x_wconf 88' lang='lat' dir='ltr'>melius</span> <span class='ocrx_word' id='word_1_303' title='bbox 765 3148 793 3195; x_wconf 82' lang='lat' dir='ltr'>it</span> <span class='ocrx_word' id='word_1_304' title='bbox 804 3147 910 3195; x_wconf 84' lang='lat' dir='ltr'>Schulze.</span> <span class='ocrx_word' id='word_1_305' title='bbox 942 3147 1040 3210; x_wconf 83' lang='lat' dir='ltr'>Sequor.</span> <span class='ocrx_word' id='word_1_306' title='bbox 1074 3145 1137 3193; x_wconf 85' lang='lat' dir='ltr'>Dein</span> <span class='ocrx_word' id='word_1_307' title='bbox 1152 3149 1285 3195; x_wconf 71' lang='lat' dir='ltr'>oratorium</span> 
     </span>
     <span class='ocr_line' id='line_1_35' title="bbox 218 3209 1286 3321; baseline 0 -62"><span class='ocrx_word' id='word_1_308' title='bbox 218 3211 356 3277; x_wconf 66' lang='lat' dir='ltr'>herdelei-i,</span> <span class='ocrx_word' id='word_1_309' title='bbox 368 3211 424 3275; x_wconf 86' lang='lat' dir='ltr'>quis</span> <span class='ocrx_word' id='word_1_310' title='bbox 439 3226 454 3259; x_wconf 87' lang='lat' dir='ltr'>e</span> <span class='ocrx_word' id='word_1_311' title='bbox 470 3210 542 3259; x_wconf 85' lang='lat' dir='ltr'>MSS.</span> <span class='ocrx_word' id='word_1_312' title='bbox 558 3210 696 3321; x_wconf 79' lang='lat' dir='ltr'>quibusdam</span> <span class='ocrx_word' id='word_1_313' title='bbox 712 3218 736 3259; x_wconf 85' lang='lat' dir='ltr'>et</span> <span class='ocrx_word' id='word_1_314' title='bbox 767 3209 1207 3275; x_wconf 62' lang='lat' dir='ltr'>ngmumquoqueestroactmlim</span> <span class='ocrx_word' id='word_1_315' title='bbox 1219 3212 1286 3275; x_wconf 71' lang='lat' dir='ltr'>prim</span> 
     </span>
     <span class='ocr_line' id='line_1_36' title="bbox 214 3274 954 3339; baseline 0 -16"><span class='ocrx_word' id='word_1_316' title='bbox 214 3274 270 3323; x_wconf 75' lang='lat' dir='ltr'>sad.</span> <span class='ocrx_word' id='word_1_317' title='bbox 284 3283 340 3323; x_wconf 86' lang='lat' dir='ltr'>vett.</span> <span class='ocrx_word' id='word_1_318' title='bbox 356 3274 442 3333; x_wconf 81' lang='lat' dir='ltr'>absint,</span> <span class='ocrx_word' id='word_1_319' title='bbox 459 3282 483 3323; x_wconf 82' lang='lat' dir='ltr'>et</span> <span class='ocrx_word' id='word_1_320' title='bbox 496 3290 537 3339; x_wconf 87' lang='lat' dir='ltr'>per</span> <span class='ocrx_word' id='word_1_321' title='bbox 552 3290 653 3337; x_wconf 80' lang='lat' dir='ltr'>gossem</span> <span class='ocrx_word' id='word_1_322' title='bbox 669 3274 734 3323; x_wconf 85' lang='lat' dir='ltr'>addi-</span> <span class='ocrx_word' id='word_1_323' title='bbox 767 3284 816 3324; x_wconf 85' lang='lat' dir='ltr'>eret</span> <span class='ocrx_word' id='word_1_324' title='bbox 826 3285 954 3325; x_wconf 77' lang='lat' dir='ltr'>oratorum.</span> 
     </span>
     <span class='ocr_line' id='line_1_37' title="bbox 218 3338 1284 3404; baseline 0.005 -18"><span class='ocrx_word' id='word_1_325' title='bbox 218 3346 243 3386; x_wconf 82' lang='lat' dir='ltr'>ts</span> <span class='ocrx_word' id='word_1_326' title='bbox 253 3352 301 3387; x_wconf 80' lang='lat' dir='ltr'>ente</span> <span class='ocrx_word' id='word_1_327' title='bbox 311 3340 336 3387; x_wconf 88' lang='lat' dir='ltr'>in</span> <span class='ocrx_word' id='word_1_328' title='bbox 346 3339 465 3388; x_wconf 77' lang='lat' dir='ltr'>nonnullis</span> <span class='ocrx_word' id='word_1_329' title='bbox 475 3339 554 3387; x_wconf 85' lang='lat' dir='ltr'>libris:</span> <span class='ocrx_word' id='word_1_330' title='bbox 568 3338 608 3387; x_wconf 85' lang='lat' dir='ltr'>setl</span> <span class='ocrx_word' id='word_1_331' title='bbox 615 3341 734 3401; x_wconf 73' lang='lat' dir='ltr'>propitio-</span> <span class='ocrx_word' id='word_1_332' title='bbox 798 3342 834 3389; x_wconf 81' lang='lat' dir='ltr'>Et</span> <span class='ocrx_word' id='word_1_333' title='bbox 852 3344 1053 3403; x_wconf 75' lang='lat' dir='ltr'>epigrammatum</span> <span class='ocrx_word' id='word_1_334' title='bbox 1071 3340 1150 3403; x_wconf 75' lang='lat' dir='ltr'>herm]</span> <span class='ocrx_word' id='word_1_335' title='bbox 1167 3339 1284 3404; x_wconf 76' lang='lat' dir='ltr'>eopum</span> 
     </span>
     <span class='ocr_line' id='line_1_38' title="bbox 219 3403 1283 3531; baseline 0.007 -18"><span class='ocrx_word' id='word_1_336' title='bbox 219 3403 735 3529; x_wconf 49' lang='lat' dir='ltr'>{iiiiiilliiil‘Slili‘fftgeiili</span> <span class='ocrx_word' id='word_1_337' title='bbox 769 3405 1283 3531; x_wconf 52' lang='lat' dir='ltr'>Pffiti‘ssloelilipsamua</span> 
     </span>
     <span class='ocr_line' id='line_1_39' title="bbox 215 3530 1069 3596; baseline 0.005 -20"><span class='ocrx_word' id='word_1_338' title='bbox 215 3532 354 3593; x_wconf 75' lang='lat' dir='ltr'>propitiare.</span> <span class='ocrx_word' id='word_1_339' title='bbox 388 3530 484 3580; x_wconf 80' lang='lat' dir='ltr'>Rectius</span> <span class='ocrx_word' id='word_1_340' title='bbox 499 3532 525 3579; x_wconf 91' lang='lat' dir='ltr'>in</span> <span class='ocrx_word' id='word_1_341' title='bbox 540 3530 616 3595; x_wconf 83' lang='lat' dir='ltr'>Lipsii</span> <span class='ocrx_word' id='word_1_342' title='bbox 630 3532 689 3579; x_wconf 86' lang='lat' dir='ltr'>libro</span> <span class='ocrx_word' id='word_1_343' title='bbox 699 3531 734 3580; x_wconf 84' lang='lat' dir='ltr'>le·</span> <span class='ocrx_word' id='word_1_344' title='bbox 767 3532 847 3580; x_wconf 79' lang='lat' dir='ltr'>Antea</span> <span class='ocrx_word' id='word_1_345' title='bbox 857 3533 976 3596; x_wconf 82' lang='lat' dir='ltr'>legebatur</span> <span class='ocrx_word' id='word_1_346' title='bbox 986 3539 1069 3580; x_wconf 67' lang='lat' dir='ltr'>urum.</span> 
     </span>
     <span class='ocr_line' id='line_1_40' title="bbox 213 3596 1284 3662; baseline 0.002 -20"><span class='ocrx_word' id='word_1_347' title='bbox 213 3602 289 3643; x_wconf 74' lang='lat' dir='ltr'>mun.</span> <span class='ocrx_word' id='word_1_348' title='bbox 804 3597 920 3661; x_wconf 72' lang='lat' dir='ltr'>referat]</span> <span class='ocrx_word' id='word_1_349' title='bbox 933 3597 1109 3661; x_wconf 85' lang='lat' dir='ltr'>Rectequoque</span> <span class='ocrx_word' id='word_1_350' title='bbox 1118 3596 1188 3647; x_wconf 61' lang='lat' dir='ltr'>Ado</span> <span class='ocrx_word' id='word_1_351' title='bbox 1198 3610 1284 3662; x_wconf 84' lang='lat' dir='ltr'>prono.</span> 
     </span>
    </p>

    <p class='ocr_par' dir='ltr' id='par_1_8' title="bbox 213 3659 1285 3979">
     <span class='ocr_line' id='line_1_41' title="bbox 250 3659 1284 3726; baseline 0.002 -20"><span class='ocrx_word' id='word_1_352' title='bbox 250 3661 284 3706; x_wconf 75' lang='lat' dir='ltr'>Io</span> <span class='ocrx_word' id='word_1_353' title='bbox 293 3672 388 3707; x_wconf 79' lang='lat' dir='ltr'>nemore</span> <span class='ocrx_word' id='word_1_354' title='bbox 401 3666 424 3707; x_wconf 86' lang='lat' dir='ltr'>et</span> <span class='ocrx_word' id='word_1_355' title='bbox 437 3660 507 3718; x_wconf 76' lang='lat' dir='ltr'>hoeot,</span> <span class='ocrx_word' id='word_1_356' title='bbox 524 3659 551 3706; x_wconf 76' lang='lat' dir='ltr'>te</span> <span class='ocrx_word' id='word_1_357' title='bbox 566 3665 609 3718; x_wconf 79' lang='lat' dir='ltr'>ert,</span> <span class='ocrx_word' id='word_1_358' title='bbox 626 3660 733 3707; x_wconf 68' lang='lat' dir='ltr'>solitarii·</span> <span class='ocrx_word' id='word_1_359' title='bbox 765 3674 821 3709; x_wconf 89' lang='lat' dir='ltr'>men</span> <span class='ocrx_word' id='word_1_360' title='bbox 831 3661 961 3726; x_wconf 71' lang='lat' dir='ltr'>supplevitz</span> <span class='ocrx_word' id='word_1_361' title='bbox 978 3660 1088 3709; x_wconf 84' lang='lat' dir='ltr'>hausmm</span> <span class='ocrx_word' id='word_1_362' title='bbox 1098 3661 1174 3710; x_wconf 80' lang='lat' dir='ltr'>fuerat</span> <span class='ocrx_word' id='word_1_363' title='bbox 1183 3664 1215 3709; x_wconf 76' lang='lat' dir='ltr'>eb</span> <span class='ocrx_word' id='word_1_364' title='bbox 1227 3660 1284 3708; x_wconf 86' lang='lat' dir='ltr'>ulti-</span> 
     </span>
     <span class='ocr_line' id='line_1_42' title="bbox 213 3723 1284 3789; baseline 0.004 -20"><span class='ocrx_word' id='word_1_365' title='bbox 213 3736 280 3778; x_wconf 72' lang='lat' dir='ltr'>onem,</span> <span class='ocrx_word' id='word_1_366' title='bbox 297 3724 458 3787; x_wconf 75' lang='lat' dir='ltr'>recedendum]</span> <span class='ocrx_word' id='word_1_367' title='bbox 477 3724 632 3773; x_wconf 66' lang='lat' dir='ltr'>secedendum</span> <span class='ocrx_word' id='word_1_368' title='bbox 642 3723 735 3787; x_wconf 77' lang='lat' dir='ltr'>corrigit</span> <span class='ocrx_word' id='word_1_369' title='bbox 760 3740 807 3775; x_wconf 76' lang='lat' dir='ltr'>mo</span> <span class='ocrx_word' id='word_1_370' title='bbox 813 3725 1130 3789; x_wconf 74' lang='lat' dir='ltr'>synatavocispreoedenus</span> <span class='ocrx_word' id='word_1_371' title='bbox 1154 3724 1284 3773; x_wconf 78' lang='lat' dir='ltr'>Moxidcrn</span> 
     </span>
     <span class='ocr_line' id='line_1_43' title="bbox 218 3785 1285 3853; baseline 0.006 -20"><span class='ocrx_word' id='word_1_372' title='bbox 218 3785 330 3849; x_wconf 61' lang='lat' dir='ltr'>Sopolim</span> <span class='ocrx_word' id='word_1_373' title='bbox 342 3795 408 3837; x_wconf 81' lang='lat' dir='ltr'>recte.</span> <span class='ocrx_word' id='word_1_374' title='bbox 426 3787 499 3836; x_wconf 76' lang='lat' dir='ltr'>Eun.</span> <span class='ocrx_word' id='word_1_375' title='bbox 509 3788 614 3850; x_wconf 84' lang='lat' dir='ltr'>Repono.</span> <span class='ocrx_word' id='word_1_376' title='bbox 633 3786 672 3837; x_wconf 88' lang='lat' dir='ltr'>Sic</span> <span class='ocrx_word' id='word_1_377' title='bbox 682 3795 705 3835; x_wconf 87' lang='lat' dir='ltr'>et</span> <span class='ocrx_word' id='word_1_378' title='bbox 715 3802 734 3835; x_wconf 83' lang='lat' dir='ltr'>c</span> <span class='ocrx_word' id='word_1_379' title='bbox 767 3790 959 3852; x_wconf 72' lang='lat' dir='ltr'>vdtadaepturuae,</span> <span class='ocrx_word' id='word_1_380' title='bbox 967 3789 1030 3853; x_wconf 86' lang='lat' dir='ltr'>quod</span> <span class='ocrx_word' id='word_1_381' title='bbox 1038 3790 1115 3839; x_wconf 78' lang='lat' dir='ltr'>forsan</span> <span class='ocrx_word' id='word_1_382' title='bbox 1125 3788 1233 3845; x_wconf 65' lang='lat' dir='ltr'>restim.</span> <span class='ocrx_word' id='word_1_383' title='bbox 1241 3790 1285 3839; x_wconf 87' lang='lat' dir='ltr'>bo·</span> 
     </span>
     <span class='ocr_line' id='line_1_44' title="bbox 220 3851 1285 3915; baseline -0.001 -16"><span class='ocrx_word' id='word_1_384' title='bbox 220 3852 258 3906; x_wconf 72' lang='lat' dir='ltr'>la,</span> <span class='ocrx_word' id='word_1_385' title='bbox 281 3852 472 3899; x_wconf 61' lang='lat' dir='ltr'>nasciturorum</span> <span class='ocrx_word' id='word_1_386' title='bbox 482 3853 509 3899; x_wconf 80' lang='lat' dir='ltr'>to</span> <span class='ocrx_word' id='word_1_387' title='bbox 517 3852 566 3899; x_wconf 84' lang='lat' dir='ltr'>loca</span> <span class='ocrx_word' id='word_1_388' title='bbox 572 3866 654 3915; x_wconf 77' lang='lat' dir='ltr'>purae</span> <span class='ocrx_word' id='word_1_389' title='bbox 666 3854 735 3913; x_wconf 72' lang='lat' dir='ltr'>etlt,</span> <span class='ocrx_word' id='word_1_390' title='bbox 767 3868 814 3902; x_wconf 89' lang='lat' dir='ltr'>nus</span> <span class='ocrx_word' id='word_1_391' title='bbox 823 3861 902 3902; x_wconf 74' lang='lat' dir='ltr'>tamar</span> <span class='ocrx_word' id='word_1_392' title='bbox 914 3867 996 3902; x_wconf 80' lang='lat' dir='ltr'>sensu</span> <span class='ocrx_word' id='word_1_393' title='bbox 1009 3855 1035 3902; x_wconf 85' lang='lat' dir='ltr'>in</span> <span class='ocrx_word' id='word_1_394' title='bbox 1047 3854 1149 3915; x_wconf 81' lang='lat' dir='ltr'>vulgato</span> <span class='ocrx_word' id='word_1_395' title='bbox 1183 3851 1231 3900; x_wconf 84' lang='lat' dir='ltr'>Pro</span> <span class='ocrx_word' id='word_1_396' title='bbox 1245 3868 1285 3901; x_wconf 75' lang='lat' dir='ltr'>er.</span> 
     </span>
     <span class='ocr_line' id='line_1_45' title="bbox 219 3916 1283 3979; baseline 0.003 -17"><span class='ocrx_word' id='word_1_397' title='bbox 219 3918 258 3975; x_wconf 73' lang='lat'>44.</span> <span class='ocrx_word' id='word_1_398' title='bbox 271 3916 395 3979; x_wconf 71' lang='lat' dir='ltr'>longinqui</span> <span class='ocrx_word' id='word_1_399' title='bbox 404 3918 471 3963; x_wconf 67' lang='lat' dir='ltr'>metr</span> <span class='ocrx_word' id='word_1_400' title='bbox 480 3928 599 3963; x_wconf 68' lang='lat' dir='ltr'>moenum.</span> <span class='ocrx_word' id='word_1_401' title='bbox 768 3932 822 3965; x_wconf 84' lang='lat' dir='ltr'>rore</span> <span class='ocrx_word' id='word_1_402' title='bbox 840 3920 916 3965; x_wconf 75' lang='lat' dir='ltr'>manta</span> <span class='ocrx_word' id='word_1_403' title='bbox 935 3918 1040 3967; x_wconf 86' lang='lat' dir='ltr'>Schelios</span> <span class='ocrx_word' id='word_1_404' title='bbox 1057 3917 1169 3976; x_wconf 67' lang='lat' dir='ltr'>conjectat</span> <span class='ocrx_word' id='word_1_405' title='bbox 1186 3917 1283 3971; x_wconf 73' lang='lat' dir='ltr'>herere.</span> 
     </span>
    </p>

    <p class='ocr_par' dir='ltr' id='par_1_9' title="bbox 220 3978 1286 4175">
     <span class='ocr_line' id='line_1_46' title="bbox 252 3978 1284 4045; baseline 0.003 -17"><span class='ocrx_word' id='word_1_406' title='bbox 252 3981 440 4044; x_wconf 66' lang='lat' dir='ltr'>mammam]</span> <span class='ocrx_word' id='word_1_407' title='bbox 457 3979 504 4027; x_wconf 84' lang='lat' dir='ltr'>Ed.</span> <span class='ocrx_word' id='word_1_408' title='bbox 522 3995 558 4043; x_wconf 88' lang='lat' dir='ltr'>pr.</span> <span class='ocrx_word' id='word_1_409' title='bbox 571 3980 588 4028; x_wconf 87' lang='lat' dir='ltr'>S</span> <span class='ocrx_word' id='word_1_410' title='bbox 605 3978 668 4028; x_wconf 65' lang='grc' dir='ltr'>’.ει</span> <span class='ocrx_word' id='word_1_411' title='bbox 679 3980 734 4029; x_wconf 71' lang='lat' dir='ltr'>rut</span> <span class='ocrx_word' id='word_1_412' title='bbox 767 3981 940 4032; x_wconf 72' lang='lat' dir='ltr'>Setunflaoeu</span> <span class='ocrx_word' id='word_1_413' title='bbox 956 3989 1053 4040; x_wconf 64' lang='lat' dir='ltr'>mmm,</span> <span class='ocrx_word' id='word_1_414' title='bbox 1071 3978 1170 4029; x_wconf 76' lang='lat' dir='ltr'>Schnlae</span> <span class='ocrx_word' id='word_1_415' title='bbox 1185 3995 1266 4045; x_wconf 75' lang='lat' dir='ltr'>repere</span> <span class='ocrx_word' id='word_1_416' title='bbox 1271 4002 1284 4041; x_wconf 84' lang='lat'>‚-</span> 
     </span>
     <span class='ocr_line' id='line_1_47' title="bbox 220 4042 1286 4109; baseline 0.006 -19"><span class='ocrx_word' id='word_1_417' title='bbox 220 4043 305 4092; x_wconf 81' lang='lat' dir='ltr'>habent</span> <span class='ocrx_word' id='word_1_418' title='bbox 314 4046 500 4101; x_wconf 67' lang='lat' dir='ltr'>saumariorum,-</span> <span class='ocrx_word' id='word_1_419' title='bbox 520 4054 587 4092; x_wconf 84' lang='lat' dir='ltr'>emen</span> <span class='ocrx_word' id='word_1_420' title='bbox 617 4043 651 4093; x_wconf 79' lang='lat' dir='ltr'>rit</span> <span class='ocrx_word' id='word_1_421' title='bbox 661 4044 734 4093; x_wconf 85' lang='lat' dir='ltr'>Bero-</span> <span class='ocrx_word' id='word_1_422' title='bbox 766 4046 955 4109; x_wconf 80' lang='lat' dir='ltr'>mihimlgatum</span> <span class='ocrx_word' id='word_1_423' title='bbox 966 4042 1286 4097; x_wconf 70' lang='lat' dir='ltr'>sotoommorlumoesevids-</span> 
     </span>
     <span class='ocr_line' id='line_1_48' title="bbox 221 4104 1284 4175; baseline 0.003 -19"><span class='ocrx_word' id='word_1_424' title='bbox 221 4104 292 4156; x_wconf 80' lang='lat' dir='ltr'>aldus.</span> <span class='ocrx_word' id='word_1_425' title='bbox 767 4119 817 4159; x_wconf 81' lang='lat' dir='ltr'>tur:</span> <span class='ocrx_word' id='word_1_426' title='bbox 838 4124 919 4159; x_wconf 78' lang='lat' dir='ltr'>errare</span> <span class='ocrx_word' id='word_1_427' title='bbox 932 4112 980 4160; x_wconf 84' lang='lat' dir='ltr'>sive</span> <span class='ocrx_word' id='word_1_428' title='bbox 992 4107 1071 4171; x_wconf 74' lang='lat' dir='ltr'>vagari</span> <span class='ocrx_word' id='word_1_429' title='bbox 1086 4108 1242 4175; x_wconf 10' lang='lat' dir='ltr'>infrcgaroam</span> <span class='ocrx_word' id='word_1_430' title='bbox 1253 4111 1284 4159; x_wconf 82' lang='lat' dir='ltr'>-in</span> 
     </span>
    </p>

    <p class='ocr_par' dir='ltr' id='par_1_10' title="bbox 253 4172 937 4237">
     <span class='ocr_line' id='line_1_49' title="bbox 253 4172 937 4237; baseline 0.006 -18"><span class='ocrx_word' id='word_1_431' title='bbox 253 4174 285 4220; x_wconf 79' lang='lat' dir='ltr'>Ia</span> <span class='ocrx_word' id='word_1_432' title='bbox 300 4180 374 4222; x_wconf 78' lang='lat' dir='ltr'>totam</span> <span class='ocrx_word' id='word_1_433' title='bbox 389 4174 471 4223; x_wconf 72' lang='lat' dir='ltr'>urbm</span> <span class='ocrx_word' id='word_1_434' title='bbox 488 4172 619 4237; x_wconf 70' lang='lat' dir='ltr'>penetrat?</span> <span class='ocrx_word' id='word_1_435' title='bbox 635 4172 732 4237; x_wconf 74' lang='lat' dir='ltr'>redum]</span> <span class='ocrx_word' id='word_1_436' title='bbox 767 4174 937 4225; x_wconf 78' lang='lat' dir='ltr'>humilioribus.</span> 
     </span>
    </p>
   </div>
   <div class='ocr_carea' id='block_1_6' title="bbox 0 0 1532 4967">
    <p class='ocr_par' dir='ltr' id='par_1_11' title="bbox 0 0 1532 4967">
     <span class='ocr_line' id='line_1_50' title="bbox 0 0 1532 4967; baseline 0 0"><span class='ocrx_word' id='word_1_437' title='bbox 0 0 1532 4967; x_wconf 95' lang='lat' dir='ltr'> </span> 
     </span>
    </p>
   </div>
  </div>
 </body>
</html>
