3034 4967
569 223 626 284 AD
648 223 809 284 ANNAL.
831 223 910 286 LlB.
930 223 988 285 111.
1250 228 1307 291 147

232 379 368 452 Oceano,
382 401 435 460 per
452 390 498 442 tot
514 383 577 444 sola
595 395 751 453 terrarum,
765 382 795 440 in
810 381 937 442 mediam
951 381 1096 441 Celticum
1110 389 1301 460 penetrasse?

234 457 325 537 idque
339 481 406 520 cum
420 475 464 520 tot
479 463 586 540 oppida
600 463 763 539 interjecta,
775 473 806 520 et
814 461 950 552 praesidia
960 461 1070 538 ubique
1081 465 1223 521 Romana.
1253 463 1301 522 Ne

233 555 290 613 ego
301 541 428 616 quidem,
441 541 478 598 mi
491 542 584 619 Pighi,
597 542 686 599 credo
696 566 704 608 ;
717 541 770 598 sed
781 554 902 598 arietem
913 540 992 598 hunc
1003 552 1084 598 tuum
1094 541 1209 619 pridem
1220 541 1301 602 haud

233 614 370 678 incallide
384 620 490 696 laqueo
505 620 606 680 averti.
648 621 722 678 Nam
733 620 835 677 vitium
851 619 898 676 hic
909 619 989 676 verbi
1001 638 1075 686 esse,
1085 633 1115 678 et
1127 620 1303 698 Bagoudicoe

234 694 404 772 legendum,
414 698 503 758 docui
514 699 543 756 in
554 699 765 757 commentario
776 717 857 755 meo:
870 717 958 775 quem
969 709 1039 774 peto
1049 697 1141 774 legas.
1169 697 1302 760 AEtolica

231 772 294 832 haec
305 776 430 836 audacia
440 789 494 844 est,
505 777 630 856 inquies.
668 777 736 836 Non
747 790 810 836 est:
824 777 891 834 vide
903 786 1046 854 tempora,
1054 777 1122 836 vide
1132 775 1301 849 historiam3

234 854 344 929 optime
365 855 404 914 de
423 857 573 933 Bagaudis
594 857 692 916 omnia
712 855 907 914 conveniuntr
928 855 1008 913 haud
1020 875 1105 932 aeque
1119 856 1157 914 de
1171 857 1299 928 Batavis,

234 931 284 1008 qui
305 934 447 996 Romanis
468 947 539 994 tunc
559 935 629 1006 fidi,
654 934 705 1014 qui
723 933 822 1005 fracti,
841 945 871 992 et
891 933 1009 1011 injurias
1026 955 1044 992 a
1059 935 1189 993 barbaris
1206 936 1301 996 varias

233 1024 426 1088 acceperunt,
441 1034 499 1072 non
513 1014 568 1092 ipsi
583 1013 646 1072 aliis
660 1013 831 1072 intulerunt.
873 1011 920 1070 Tu
933 1012 997 1090 ipse
1010 1013 1103 1072 haeres
1118 1026 1148 1072 et
1162 1014 1300 1093 ambigue

231 1079 414 1150 ob‘sidionem
428 1093 505 1152 hanc
519 1094 556 1152 ad
571 1091 668 1152 Taciti
684 1092 759 1168 Imp.
774 1103 908 1168 tempora
920 1090 1031 1159 refers;
1050 1093 1105 1150 sub
1119 1113 1179 1170 quo
1191 1092 1297 1153 Franci

230 1167 354 1246 aliaeque
366 1170 581 1231 Germanorum
596 1183 700 1249 gentes
710 1169 862 1231 Bataviam
875 1181 905 1228 et
916 1169 1043 1229 Galliam
1057 1171 1206 1232 vastarint.
1238 1171 1300 1232 Sed

232 1246 283 1323 qui
298 1247 388 1309 doces
402 1250 481 1330 ipsos
494 1253 622 1311 Batavos
636 1251 731 1310 aliena
744 1261 817 1308 tunc
830 1251 981 1308 vastasse?
1004 1249 1038 1307 ld
1052 1249 1129 1307 enim
1143 1269 1299 1310 necessum

229 1337 285 1396 est,
297 1326 321 1384 si
334 1331 427 1406 proba
440 1331 530 1388 verba
538 1330 685 1389 Batavicce
698 1328 861 1388 rebellionis.
889 1328 986 1387 Vocat
996 1328 1083 1386 etiam
1093 1327 1298 1400 latrocinium

230 1405 310 1481 quod
320 1426 337 1465 a
346 1427 393 1466 me
404 1420 458 1479 est,
472 1409 540 1488 quia
551 1409 654 1468 Victor
664 1409 773 1488 aliique
784 1407 939 1485 Bagaudas
949 1407 1003 1464 hos
1013 1407 1164 1486 appellant
1172 1421 1300 1488 agrestes

224 1503 265 1542 cc
281 1484 415 1548 latrones.
454 1491 671 1566 Argumentum
689 1488 835 1546 ultimum.
874 1485 986 1557 Verba,
998 1485 1105 1563 inquis,
1120 1486 1256 1546 Eumenii
1269 1506 1299 1548 c.

233 1566 279 1622 18.
297 1564 340 1624 ita
358 1567 438 1626 clare
455 1579 485 1626 et
503 1567 645 1644 graphice
663 1567 790 1628 Clivium
808 1578 839 1624 et
854 1565 985 1624 finitimae
998 1565 1126 1643 regionis
1139 1565 1226 1624 situm
1242 1566 1295 1624 de-

221 1642 369 1714 scribunt,
389 1657 422 1704 ut
440 1646 516 1706 trahi
535 1647 672 1706 aliorsum
689 1645 771 1704 nulla
791 1644 820 1702 vi
840 1644 962 1722 possint.
1002 1643 1171 1714 Videamus,
1186 1665 1295 1722 ponam

227 1719 291 1798 ipsa
301 1723 443 1800 pluscula.
471 1725 536 1785 Nisi
537 1727 623 1804 forte
633 1747 690 1785 non
698 1724 817 1805 grauior
827 1723 1006 1783 Britanniam
1016 1723 1134 1782 rninod
1166 1737 1296 1796 resserot,

228 1821 313 1889 quom
332 1805 358 1861 si
371 1807 488 1882 perfisso
505 1815 645 1884 tegeretur
661 1807 793 1864 Oceano:
813 1825 879 1880 pure
886 1803 1116 1893 profundissimo
1130 1744 1298 1874 ymnorum,

226 1889 270 1936 sta
281 1879 457 1949 Rhenanus3
475 1893 507 1941 tu
519 1883 684 1951 Pictonum,
693 1882 784 1957 legis;
803 1880 1010 1958 suspicimus,
1017 1901 1179 1960 poenorsnr,
1193 1884 1297 1960 (quem

226 1961 349 2036 sequor)
359 1961 476 2040 gurgite
486 1961 604 2020 liberato
614 1963 654 2020 od
662 1969 840 2039 conspectum
849 1961 989 2018 Romanae
999 1960 1070 2017 lucia
1080 1959 1201 2017 emersit.
1235 1962 1296 2020 Aur

225 2035 290 2096 lroeo
303 2039 376 2115 hiso,
389 2061 453 2118 qnoe
466 2041 547 2100 modo
560 2041 664 2101 desinit
677 2060 734 2100 esse
744 2039 903 2107 Barbaria,
912 2059 966 2096 non
976 2037 1066 2116 magis
1093 2037 1297 2098 eritoteFrnn-

225 2135 322 2174 coram
342 2116 418 2178 velet
436 2119 539 2178 hausto
560 2120 716 2188 desederat,
733 2138 816 2196 quarn
832 2119 858 2177 si
873 2137 934 2175 eom
948 2117 1052 2176 circam
1088 2137 1120 2176 so
1127 2117 1258 2197 flamina
1270 2127 1298 2178 rt

225 2216 303 2255 mure
315 2196 423 2256 alluens
436 2199 595 2279 operuisset.
637 2199 695 2266 En,
708 2196 791 2255 velut
804 2195 834 2252 in
847 2196 960 2266 tabula,
974 2207 1007 2253 ut
1017 2197 1069 2262 ais,
1081 2196 1230 2274 depictam
1241 2216 1296 2256 ex-

224 2275 308 2351 ponit
329 2276 480 2336 Bataviam
501 2297 569 2336 cum
588 2277 685 2336 vicina
705 2275 881 2341 Germania3
903 2293 977 2352 quos
991 2275 1078 2332 ramis
1098 2275 1158 2334 suis
1173 2275 1296 2336 Rhenus

224 2353 437 2414 circumfundit
450 2366 480 2414 et
494 2355 583 2414 Mosa
595 2357 679 2416 alluit
693 2367 722 2414 et
735 2353 848 2412 Oceani
861 2353 940 2411 sinus
951 2352 1061 2431 ubique
1071 2365 1207 2432 tangunt.
1237 2354 1297 2416 Ubi

198 2441 206 2454 ·
223 2441 317 2491 nutent
327 2434 436 2493 AEdnr's
445 2437 663 2496 moreollaens?
676 2435 725 2494 abi
733 2432 1048 2511 circumfnroflnmino?
1062 2433 1137 2503 Pax,
1147 2433 1185 2491 mi
1197 2434 1294 2512 Pighi,

226 2511 345 2588 objecto
359 2512 433 2572 lanae
447 2533 533 2574 sacco
547 2514 644 2572 arietis
659 2514 745 2590 hujus
758 2512 851 2570 ictum
864 2510 964 2569 mollio
979 2522 1009 2569 et
1020 2511 1149 2590 excipio.
1178 2512 1294 2572 AEduos

226 2608 284 2647 non
296 2590 422 2650 describi
432 2592 544 2652 fateor:
562 2592 672 2651 affirmo
686 2603 779 2650 totam
790 2589 928 2654 Galliam,
938 2590 967 2646 in
979 2609 1037 2668 qua
1046 2589 1147 2648 AEdui.
1188 2588 1294 2652 Franci

225 2687 290 2744 qus:
303 2670 370 2729 loca
382 2672 475 2750 magis
490 2683 651 2740 vastarunt,
665 2671 725 2729 imo
739 2681 883 2748 ceperunt
896 2668 951 2726 sibi
965 2681 995 2728 et
1009 2668 1189 2739 insederunt,
1204 2691 1293 2748 quam

225 2747 375 2806 Galliam?
403 2751 509 2829 Itaque
530 2771 597 2810 curn
616 2751 747 2808 Francos
760 2747 901 2817 nominet,
914 2748 997 2807 vides
1011 2767 1099 2826 quam
1113 2749 1248 2826 apposite
1262 2761 1294 2808 et

224 2827 354 2886 omnium
371 2829 557 2889 historiarum
578 2831 641 2907 ejus
656 2828 709 2888 aevi
725 2846 879 2896 consensu,
894 2827 932 2884 ad
946 2827 1073 2884 Galliam
1088 2827 1118 2884 id
1133 2827 1294 2889 trahamus.

225 2905 286 2964 Sed
299 2907 349 2964 ubi
363 2927 455 2980 mare,
469 2908 575 2987 inquis,
591 2919 621 2966 et
635 2905 777 2964 flumina?
798 2905 959 2983 conspicua
967 2915 1003 2964 'et
1016 2905 1045 2962 in
1058 2918 1171 2983 aperto.
1212 2907 1293 2972 Quid

209 2984 301 3042 -enim
323 2985 440 3056 clarius,
461 3007 549 3066 quam
570 2986 697 3045 Galliam
717 2984 789 3042 mari
807 2984 955 3061 utrimque
974 2983 1065 3041 allui?
1087 2984 1156 3060 quid
1172 2985 1291 3054 certius,

223 3083 312 3139 quam
331 3065 437 3124 Rheno
455 3079 485 3124 et
508 3065 653 3124 Rhodano
668 3061 874 3132 circumfundi,
889 3078 920 3120 et
932 3062 1031 3120 multis
1044 3061 1107 3119 aliis
1121 3061 1290 3122 fluminibus

221 3142 382 3220 perfundi?
411 3145 526 3222 ltaque,
536 3144 577 3201 mi
588 3144 698 3222 optime
709 3152 739 3200 et
750 3139 919 3198 doctissime
930 3138 1025 3217 Pighi,
1038 3139 1117 3214 (talis
1129 3158 1231 3199 revera
1241 3145 1288 3219 es)

221 3220 300 3288 vide,
314 3239 363 3290 ne,
378 3221 447 3280 dum
466 3221 587 3280 nimium
605 3242 657 3300 pro
677 3220 772 3300 gloria
786 3217 975 3277 Cliviensium
989 3228 1107 3276 tuorum
1121 3217 1290 3298 Principum

223 3299 287 3372 (cui
299 3310 329 3357 et
339 3319 392 3358 nos
403 3318 442 3358 ex
453 3302 549 3358 animo
562 3301 703 3370 favemus,
712 3298 765 3356 sed
778 3296 860 3356 vanis
873 3318 971 3356 rerum
985 3316 1049 3355 eam
1063 3315 1121 3354 non
1132 3301 1289 3380 augemus)

219 3397 347 3455 pugnas,
365 3379 518 3440 veritatem
538 3380 673 3448 deseram
695 3395 784 3457 quam
802 3395 856 3434 nos
873 3376 1011 3437 fulcimus
1031 3374 1077 3435 his
1097 3374 1185 3435 etiam
1199 3396 1289 3457 argu·

220 3456 336 3516 mentis.

264 3615 392 3677 Primum
427 3639 517 3689 uaero,
532 3620 582 3678 ubi
598 3631 649 3680 aut
662 3639 679 3679 a
694 3639 753 3699 quo
766 3619 910 3698 scriptore
924 3617 1031 3678 idoneo
1045 3630 1077 3678 et
1090 3617 1182 3678 reteri
1195 3614 1290 3675 nomi-

221 3705 322 3754 natum
349 3639 428 3758 istud
450 3698 599 3758 Clivium?
626 3698 724 3758 adfers
751 3699 873 3759 nullum.
913 3699 989 3757 Nam
1016 3697 1097 3777 quod
1119 3694 1290 3756 Antoninus

220 3773 344 3833 Clerum
358 3777 499 3848 nominat,
514 3777 543 3836 in
558 3778 708 3838 Britannia
722 3778 837 3838 scilicet
850 3778 882 3836 id
895 3777 988 3856 ponit,
1001 3777 1030 3834 in
1041 3777 1099 3834 hoc
1113 3776 1206 3832 limite
1219 3792 1289 3832 nus·

220 3871 318 3930 quam.
350 3855 545 3933 conjecturas
558 3857 671 3936 aliquot
681 3875 828 3927 recenses,
840 3868 872 3916 et
881 3855 982 3915 nescio
993 3854 1064 3934 quid
1074 3873 1113 3912 ex
1122 3850 1202 3929 vulgi
1210 3850 1291 3913 fama

219 3931 257 3990 de
271 3931 352 3992 Julio
363 3934 499 3994 Caesare:
517 3936 570 3994 sed
584 3939 717 4008 obsecro,
732 3936 756 3994 si
767 3947 827 3995 tam
842 3947 990 3994 vetustum
1002 3935 1060 3992 hoc
1075 3930 1215 4010 oppidum
1226 3931 1288 3990 sive

221 4021 360 4082 castrum,
369 4031 467 4072 nonne
478 4016 592 4086 mirum,
603 4015 720 4074 silentio
731 4016 762 4073 id
772 4015 809 4074 ab
819 4014 954 4073 omnibus
964 4011 1087 4092 superis,
1097 4009 1213 4080 mediis,
1224 4009 1289 4070 imis

219 4089 421 4168 scriptoribus,
436 4093 518 4171 quasi
533 4094 571 4151 de
585 4106 753 4171 compacto,
765 4094 965 4173 praeteritum?
987 4095 1025 4152 lit
1037 4090 1156 4157 ferrem,
1167 4088 1191 4146 si
1202 4088 1291 4148 invili

218 4165 302 4237 loco;
324 4170 377 4228 sed
395 4173 499 4232 urbem
515 4171 671 4232 Maenianis
687 4172 750 4230 istis
770 4173 929 4240 celebrem,
939 4169 1093 4230 Coloniam
1112 4170 1185 4246 Pop.
1201 4170 1289 4228 Rom.

221 4247 302 4319 (narn
322 4247 381 4308 hoc
403 4270 520 4330 quoque
541 4251 702 4310 Eumenius
719 4251 825 4328 tradit)
841 4251 963 4310 verbulo
976 4267 1122 4326 nusquam
1135 4245 1288 4317 nominari,

217 4344 283 4402 quae
295 4324 409 4388 incuria
422 4329 469 4388 vel
483 4329 581 4408 potius
595 4330 701 4408 injuria
716 4329 783 4388 est?

1077 4488 1128 4544 n2
