3034 4967
244 203 283 260 so
568 155 571 162 Δ
605 200 662 260 ns
683 201 945 264 onnromsus

245 377 372 451 quoque
396 364 528 430 latiores
549 364 728 444 adtentavit,
749 376 782 428 et
802 365 954 452 quasdam
968 366 1133 432 sententias
1156 367 1294 443 iuverim

166 512 168 518 ,
245 448 354 536 utique
368 449 400 514 in
415 450 463 513 his
475 449 675 528 orationibus,
685 473 764 536 quas
776 451 877 514 senior
885 452 953 537 jam
966 464 998 514 et
1007 452 1104 536 juxta
1115 452 1208 516 finem
1218 453 1296 522 vitta

243 533 427 619 composuit,
446 533 549 611 idest,
564 547 728 620 postquam
744 535 842 621 magis
855 536 1036 621 profecerat,
1051 559 1174 622 usuque
1194 549 1226 600 et
1239 561 1295 602 ex·

244 618 421 704 perimentis
429 618 589 697 didicerat,
598 619 684 704 quod
692 621 846 703 optimum
855 619 977 684 dicendi
987 643 1086 704 genus
1094 634 1180 684 esset.
1210 623 1297 686 Nam

244 702 361 800 priores
375 704 445 788 ejus
458 703 608 767 orationes
622 725 684 767 non
699 719 805 769 carent
814 703 897 767 vitiis
906 703 1120 789 antiquitatis3
1136 703 1238 768 lentus
1248 719 1295 770 est

242 809 277 848 rn
312 786 458 874 rincipiis,
469 789 581 873 longus
595 787 626 850 iu
648 789 885 866 narrationibus,
902 789 1019 854 otiosus
1032 789 1114 854 circa
1129 813 1293 865 excessus;

243 810 331 934 arie
345 885 575 950 commovetur3
591 895 662 937 raro
680 872 852 946 incalescit3
874 873 967 958 pauci
980 896 1112 938 sensusa
1136 887 1167 938 te
1177 888 1207 939 et
1221 897 1293 939 cum

241 956 379 1042 quodam
399 957 518 1020 lumine
540 958 762 1022 terminantur:
785 956 861 1021 nihil
886 980 1059 1042 excerpere,
1081 961 1110 1022 n‘
1137 959 1143 970 '
1179 959 1293 1023 referre

222 1113 225 1121 ¹
242 1040 358 1126 possis:
382 1053 423 1118 et,
438 1040 524 1106 velut
544 1042 576 1105 in
591 1042 662 1105 rudi
676 1041 817 1120 aedificio,
832 1043 941 1105 firmus
955 1064 1028 1106 sane
1041 1044 1142 1128 paries
1155 1058 1187 1107 et
1199 1044 1293 1109 dura-

241 1139 342 1204 turus,
358 1127 412 1190 sed
426 1148 488 1189 non
502 1125 575 1190 satis
588 1127 743 1212 expolitus
759 1139 792 1190 et
804 1125 976 1212 splendens.
1020 1129 1092 1212 Ego
1105 1141 1210 1194 autem
1224 1152 1292 1194 ora-

241 1224 349 1287 torem,
361 1212 440 1274 sicut
453 1210 636 1297 locupletem
645 1235 681 1276 ac
694 1211 816 1275 lautum
830 1211 1086 1298 patremfamiliae,
1100 1235 1162 1276 uon
1172 1237 1209 1276 ea
1224 1226 1291 1278 tan-

238 1300 310 1360 tum
327 1296 399 1360 volo
420 1309 500 1360 tecto
524 1295 598 1382 tegi,
624 1296 711 1382 quod
734 1297 865 1360 imbrem
889 1319 926 1360 ac
948 1310 1076 1360 ventum
1101 1312 1213 1374 arceat,
1235 1299 1291 1362 sed

240 1379 331 1443 etiam
347 1382 434 1467 quod
454 1382 555 1444 visum
576 1393 607 1444 et
627 1380 733 1445 oculos
746 1381 897 1446 delectet:
918 1402 981 1444 nou
1002 1405 1039 1445 ea
1059 1381 1160 1446 solum
1179 1383 1296 1447 instrui-

240 1464 438 1550 supellectile,
449 1490 521 1552 quae
535 1466 710 1530 necessariis
720 1467 829 1532 usibus
840 1464 990 1539 sufficiat;
1014 1466 1068 1530 sed
1079 1472 1140 1530 sint
1153 1467 1186 1531 in
1196 1467 1292 1553 adpa-

240 1562 310 1614 ratu
325 1552 393 1637 ejus
407 1565 438 1615 et
452 1574 564 1614 aurum
578 1565 609 1615 et
622 1573 766 1636 gemmae,
781 1564 818 1615 ut
832 1573 953 1614 sumere
966 1549 998 1612 in
1018 1572 1129 1613 manus
1143 1565 1174 1615 et
1188 1553 1290 1636 adspi.

238 1656 308 1698 cere
325 1636 437 1722 sapius
456 1636 567 1700 libeat:
591 1635 734 1721 quaedam
754 1642 829 1698 v'ero
849 1633 958 1721 procul
977 1647 1149 1712 arceantur,
1171 1648 1208 1699 ut
1221 1635 1290 1721 jam

239 1719 414 1784 oblitterata
428 1734 458 1785 et
473 1720 604 1784 olentia:
625 1719 748 1783 nullum
770 1719 810 1783 sit
822 1721 954 1783 verbum
975 1717 1062 1782 velut
1082 1719 1225 1805 rubigine
1243 1720 1291 1782 in-

240 1804 367 1883 fectum,
383 1805 461 1869 nulli
475 1828 581 1870 sensus
595 1805 685 1869 tarda
695 1818 726 1867 et
739 1803 830 1868 inerti
841 1815 1008 1875 structura,
1018 1803 1051 1866 in
1065 1827 1183 1867 morem
1196 1827 1291 1868 anna-

237 1887 327 1969 lium,
341 1905 585 1978 componantur;
600 1889 702 1977 fugiat
714 1889 833 1956 foedam
847 1901 879 1954 et
889 1885 1039 1952 'insulsam
1050 1888 1261 1952 scurrilitatem
1276 1915 1286 1973 5

239 1975 336 2038 variet
358 1977 621 2075 compositionem,
646 1997 703 2039 nec
728 1998 834 2040 omnes
860 1972 1013 2036 clausulas
1038 1996 1102 2037 uno
1125 1985 1156 2041 et
1179 1972 1289 2037 eodem

237 2060 332 2124 modo
346 2073 499 2124 termmet.
1279 2108 1286 2127 .-

282 2145 423 2208 XXIII.
447 2145 529 2206 Nolo
543 2142 676 2205 imidere
692 2153 794 2204 rotam
804 2141 964 2224 fortuna,
986 2151 1018 2202 et
1029 2143 1092 2224 jas
1111 2143 1288 2218 Verrinam,

237 2241 270 2294 et
283 2228 372 2304 illud,
388 2227 479 2291 tertio
493 2247 619 2314 quoque
634 2248 725 2288 sensu
743 2225 776 2288 in
789 2224 934 2290 omnibus
948 2222 1138 2289 orationibus
1150 2246 1209 2311 pro
1223 2248 1291 2290 sen-

237 2477 276 2518 tur
284 2485 313 2518 ex
326 2485 347 2518 c.
358 2467 453 2533 prareti.
467 2469 549 2516 latitia
559 2475 697 2528 temporam,
714 2466 747 2514 sio
779 2472 822 2512 tas.
842 2463 920 2522 Alias,
928 2465 1024 2512 nattes
1032 2473 1133 2526 tempore
1142 2466 1229 2527 referre
1234 2479 1290 2527 par-

238 2544 261 2582 et
282 2550 301 2580 c.
324 2547 370 2596 seq.
397 2534 516 2579 latissima
538 2545 637 2592 quaqua
685 2529 747 2577 Mox
779 2530 818 2575 sis.
852 2528 927 2576 luas.

237 2613 279 2661 pro
290 2598 378 2644 tavena
386 2595 474 2642 Heum.
485 2610 514 2642 ex
525 2610 545 2642 a.
559 2600 596 2644 19.
607 2594 677 2642 dabat
687 2596 747 2641 iass-
812 2594 850 2639 Ac
858 2611 862 2618 ·
871 2594 992 2640 laudatam
1009 2592 1209 2656 patremfamiliae]
1235 2593 1291 2652 Ego

235 2665 294 2709 rsit.
657 2655 660 2660 ⁵
705 2691 707 2696 ,
780 2656 1189 2716 nondubitemscriberaaclaatam.
1212 2655 1288 2702 LIPs.

273 2727 338 2780 Quod
358 2725 473 2786 optimum
494 2724 585 2770 dicendi
603 2738 678 2784 genas
698 2722 745 2784 at]
779 2721 859 2771 Recte.
876 2722 998 2773 Ilarasic
1015 2719 1240 2784 NeposinAtticoc.
1252 2724 1289 2766 13.

238 2791 337 2838 Ursinus
346 2787 586 2835 rectisimecltsceadi.
617 2786 643 2834 Si
653 2786 747 2848 vulgata
806 2787 900 2852 Liceat]
908 2786 1199 2849 Rodolphusbenaliteat.
1212 2783 1288 2830 Iura

237 2869 291 2902 vera
303 2859 368 2910 esset,
381 2851 448 2898 scribi
458 2851 551 2898 deberet
561 2857 626 2912 asset,
637 2864 684 2896 non
694 2857 745 2906 est,·
769 2850 895 2914 „Recepers
903 2853 955 2914 Bip.
967 2851 1042 2914 placet
1052 2858 1075 2897 et
1084 2848 1150 2895 mihi.

237 2917 315 2980 itaque
327 2913 461 2978 recepimus.
497 2915 614 2964 Haeduo
625 2915 746 2963 verbasae-
775 2906 788 2926 ⁸
811 2917 846 2962 Et
860 2916 953 2975 abaris]
973 2913 1084 2962 Obsoleta
1098 2913 1129 2959 ob
1144 2918 1288 2960 vamtatem.

236 2997 265 3046 pe
280 2981 305 3028 in
321 2979 385 3028 libris
401 2979 503 3027 oratoriis
520 2979 635 3028 Ciceronis
653 2978 747 3026 confusa
778 2979 847 3026 Acid.
859 2977 950 3025 volebat
959 2979 1053 3023 aaran.
1076 2990 1082 3001 .

236 3053 298 3094 sunt.
331 3044 403 3092 Ean.
436 3043 497 3090 Cum
508 3044 594 3092 Ursino
610 3042 664 3091 facit
677 3041 746 3090 Aoid.
814 3043 855 3092 Vel
863 3043 970 3102 magam
980 3041 1103 3150 infimil
1121 3036 1217 3099 Scripsit
1227 3037 1291 3085 relat

278 3119 364 3157 uantur
378 3108 435 3170 Bip.
466 3108 530 3155 Mihi
541 3108 623 3170 frigere
636 3105 747 3154 sententia
779 3109 830 3154 rab.
841 3107 956 3169 infectam
966 3103 1042 3152 Rhen.
1101 3114 1149 3150 nu.

237 3172 260 3221 vi
276 3181 334 3220 etur.
353 3173 458 3220 Pronum
465 3181 499 3220 est
506 3179 596 3220 mutare
603 3169 745 3226 eatinsrrrt,⁸
810 3175 843 3218 Ia
862 3184 950 3217 morem
967 3171 1088 3215 annalium
1110 3167 1290 3229 amapoaamm}

235 3237 443 3299 sicomniaplana.
780 3235 880 3283 Videon
888 3229 1159 3281 innuercvetustisaimos
1168 3231 1288 3277 annalium

269 3303 347 3348 Pauci
358 3315 437 3347 sensas
446 3308 491 3362 opt.
503 3309 525 3348 at
536 3317 590 3348 cara
601 3299 700 3361 quadam
711 3297 752 3346 la?
780 3299 941 3346 Romanorum
951 3297 1077 3360 scriptores,
1085 3309 1143 3357 quos
1150 3296 1236 3356 absque
1241 3293 1291 3340 ullo

187 3369 195 3381 ⁰
237 3368 299 3414 miae
311 3366 481 3427 terminantur]
496 3363 585 3412 Vetus:
604 3364 691 3410 Senatu
700 3369 745 3422 opt.
780 3363 937 3421 ornatusicco
955 3369 979 3408 et
996 3361 1077 3421 jejuno
1094 3357 1146 3405 stilo
1167 3357 1289 3405 conanna-

139 3421 142 3428 ’
236 3438 260 3478 st
277 3445 354 3490 cam..
379 3429 450 3476 Rom.
469 3427 538 3474 editio
556 3442 635 3474 serras
654 3441 744 3486 opacas
778 3436 837 3475 rant.
871 3424 981 3474 Schurafl.
1002 3431 1069 3487 putat
1079 3421 1191 3475 ,excidisse
1204 3433 1289 3466 nomen

237 3495 307 3544 Forte
317 3495 411 3554 opacius
421 3498 444 3540 et
455 3506 507 3538 eura
519 3507 539 3551 q.
553 3494 568 3539 l.
581 3493 747 3538 terminantur.
780 3491 877 3550 alicujus
887 3489 995 3550 ignobffis
1000 3487 1120 3539 annalium
1130 3485 1197 3542 fabri,
1208 3482 1291 3529 Tanu-

236 3559 272 3608 Ut
291 3558 321 3605 ad
341 3556 454 3620 picturam
470 3564 585 3618 respectus
601 3555 639 3613 rit,
658 3554 682 3600 in
701 3569 748 3617 qua
780 3554 809 3602 sii
830 3555 907 3602 forsan
930 3553 967 3600 vel
987 3551 1086 3600 Volusii.
1132 3547 1235 3611 Lepidus
1255 3555 1289 3593 est

236 3625 316 3672 lumen
339 3635 382 3668 nos
402 3619 506 3674 delectat,
528 3619 567 3667 sed
591 3634 645 3667 cum
665 3619 748 3666 umbra
780 3619 909 3680 Schulting.
921 3616 963 3680 qui
972 3617 1042 3664 ducta
1051 3612 1290 3675 metaphoraarear.
1363 3658 1368 3669 .

236 3688 345 3752 quadam.
379 3683 455 3731 Inus.
484 3683 571 3731 Melius
589 3682 707 3732 Acidalius
723 3691 746 3730 ct
770 3681 925 3746 'chitectoniaa
939 3681 986 3742 legi
999 3681 1067 3739 jubat
1081 3682 1108 3724 ia
1123 3680 1292 3732 moremaata·

192 3775 194 3779 ⁴
236 3751 340 3801 Freinsh.
363 3755 422 3810 apte.
468 3747 642 3809 Ciceronianam
664 3756 698 3795 est
721 3747 746 3794 in
780 3749 1028 3806 mmiaterpoaartar.

238 3817 303 3866 Orat.
312 3817 350 3864 64.
359 3813 467 3860 clausula
473 3819 526 3876 apta
533 3827 697 3874 numeroseque
708 3826 746 3858 ca·
813 3808 1023 3884 Rotamfortaaoe]
1040 3808 1111 3857 Ridet
1119 3805 1254 3862 Ciceronem
1263 3803 1289 3880 in

235 3883 319 3931 dentes.
332 3876 746 3940 quuereposuimusintexto.Enu.
781 3874 914 3923 Pisonemc
927 3877 963 3918 10.
992 3873 1197 3934 Ejusdcmquejas
1210 3871 1290 3942 Vern-

241 3949 303 3996 Cam
314 3944 400 3989 lamina
411 3939 468 4004 quid
479 3941 515 4000 sit,
524 3949 587 4004 patet
593 3957 622 3988 ex
632 3957 653 3988 c.
662 3942 700 3987 20.
708 3941 747 3985 abi
769 3935 943 4002 ¹rrameDivin.
953 3935 1083 3985 invenem
1092 3950 1110 3982 c.
1119 3937 1159 3982 46.
1187 3932 1232 3980 Sed
1237 3945 1291 4004 ipae

238 4006 641 4065 ,sarasargataetbrsaissnteatia
652 4004 745 4065 affulsit.
780 4001 860 4049 Cicero
880 4001 924 4047 ista
941 4014 989 4047 non
1009 4003 1092 4063 probat
1109 4001 1139 4046 ab
1154 3996 1205 4044 aliis
1220 3994 1290 4041 dicta.

239 4073 321 4137 Quint.
333 4075 355 4124 8,
368 4073 391 4126 ⁵,
403 4074 426 4115 2.
453 4071 655 4131 Commiadajam
666 4069 747 4120 tenuit,
781 4065 818 4112 cf.
830 4064 913 4123 Quint.
926 4067 950 4122 6,
962 4069 987 4123 3,
999 4068 1038 4112 55.

237 4147 265 4188 at
273 4139 701 4194 nwalacoareptaraasasvocaremas‚-
711 4131 747 4178 la-
766 4132 768 4136 ⁴
811 4132 844 4177 la
854 4130 971 4192 caratam]
984 4127 1055 4176 Mss.
1068 4127 1123 4177 Vat·
1135 4131 1158 4170 et
1168 4120 1220 4195 edri.
1232 4127 1289 4167 vett.

237 4205 304 4252 mina
320 4203 407 4256 autem,
418 4199 580 4258 praepararas
599 4198 625 4242 ia
641 4195 748 4242 clausulis
780 4193 870 4241 addunt
885 4193 1032 4244 orationibra,
1047 4189 1109 4236 unde
1118 4194 1220 4249 reposuu
1230 4183 1290 4232 Bro-

255 4263 461 4322 ossamateaaaa
780 4257 857 4304 terius
890 4257 961 4304 Ean.
997 4253 1116 4303 Omiserat
1129 4251 1206 4299 Rhea.
1220 4261 1292 4323 quem

272 4327 347 4380 Nihil
353 4323 485 4386 excerpere]
494 4321 749 4388 Perspicualibriboni·
781 4319 908 4369 aliisscuti.
943 4311 1277 4389 RestituasMur.etAad··
