3034 4967
471 264 527 321 sn
547 243 638 321 rs'c.
660 259 737 319 nlo.
758 260 842 323 rw.
864 263 1014 325 sunan.
1059 348 1062 355 ¹
1217 274 1274 330 253

107 408 110 422 '
213 424 730 493 mugumaeeunmuuusrnsvun.
795 428 843 476 cus
861 428 1011 492 suoque..
1030 443 1112 479 anu.
1133 432 1180 496 us]
1202 432 1276 497 ιφ,

214 497 283 544 Max.
301 502 323 554 l,
334 501 357 545 4.
375 496 404 543 Ι.
423 495 568 555 Tarquinius
581 494 635 540 ltee
650 496 729 538 centu·
762 494 1276 559 quissuoloqueiuomenest,ve1sutlaqueo.

214 564 260 607 riis
277 562 387 623 equitum,
406 575 463 621 quas
481 559 595 606 Romul-us
611 557 730 616 arquato
762 558 895 621 Unumque
909 559 972 607 enim
984 558 1066 607 Tacito
1079 559 1199 609 saniliare.
1212 563 1279 610 Anu.

215 628 389 686 cosucss'pserat
400 626 460 670 aliae
469 624 569 685 adjicere
579 624 680 683 cupiens.
692 620 732 667 De
764 626 788 681 is,
807 626 828 668 l.
860 622 929 670 Forte
945 632 1030 681 uma,
1050 626 1112 671 stlta
1130 627 1277 687 sudlaqacnns

214 688 311 737 decuriis
325 689 441 752 Equitum
456 687 482 733 in
495 686 610 747 judicium
623 684 733 732 adhibitis
763 701 845 733 nornen
856 693 896 733 est.

215 753 268 801 vide
277 754 371 801 omnino
382 752 447 816 Irips.
458 750 488 797 ad
499 751 611 799 Senem
620 747 650 796 de
660 748 732 804 Irni,
797 752 873 797 Hune
883 752 950 799 illum
960 755 1057 801 numine
1064 755 1144 803 Deum
1151 755 1277 819 destinari]
1324 768 1327 775 ·

214 822 255 869 33.
267 833 304 866 no.
316 819 373 865 284.
767 814 821 862 Huc
832 815 967 878 illumlege.

247 885 331 931 Perite
342 882 471 945 audissent]
485 878 732 941 Puto‚stsractosono
795 880 921 926 lnturdida
941 882 1053 949 juventa]
1078 885 1206 931 duoentate
1228 881 1279 932 ond.

214 954 238 994 et
254 947 375 995 dulcedine
391 961 474 993 nocam
485 946 566 1005 perita
582 946 730 1007 adjuvismnt.
764 943 823 1007 Agr.
835 945 900 991 bene.

215 1010 277 1058 Vide
296 1012 375 1059 locum
396 1009 510 1073 insignem
526 1012 593 1055 Ann.
612 1008 651 1067 16,
667 1012 692 1056 4.
709 1015 733 1055 et
797 1010 1233 1075 ·Nandoiucesserot]lncestarotood.
1245 1012 1281 1059 A·

210 1078 276 1137 plebs
293 1077 386 1137 quidem
404 1076 470 1121 artis
486 1074 626 1120 lsinriossum
644 1087 733 1133 quoque
765 1072 818 1135 gris.
835 1072 956 1135 eleganter.
989 1074 1052 1123 vioe
1067 1090 1109 1122 nos
1125 1075 1155 1122 ad
1171 1075 1281 1124 Patercu-

212 1148 295 1201 gestus
298 1144 386 1203 juvare
392 1141 459 1187 solito
464 1139 734 1200 personatatccrtismo·
765 1138 815 1185 lum
832 1138 857 1196 2,
875 1138 914 1193 73.
930 1137 972 1185 lin.
990 1148 1014 1186 et
1030 1138 1186 1187 Claudianum
1205 1139 1234 1187 de
1250 1141 1282 1187 R.

216 1206 254 1251 dis
268 1206 398 1266 plausuque
408 1205 538 1265 composito.
565 1202 630 1249 Add.
642 1201 733 1249 Plinius
765 1201 830 1249 Pros.
843 1208 867 1259 2,
877 1207 932 1250 217.
945 1202 1028 1251 deinde
1038 1204 1112 1251 scribo
1122 1210 1169 1250 toto
1179 1218 1281 1265 corpore.

160 1277 162 1281 '
215 1268 294 1333 Epist.
306 1271 329 1329 9,
341 1274 381 1318 34.
392 1268 434 1316 ubi
444 1267 492 1331 agit
502 1267 532 1313 de
541 1266 730 1314 sonnonem
765 1266 811 1315 Sed
821 1265 980 1330 hoceldpsio
994 1270 1044 1329 jam
1054 1268 1121 1316 video
1137 1282 1282 1331 preoccupa·

215 1333 279 1381 Vide
288 1342 312 1381 et
322 1342 427 1381 nostrum
439 1347 509 1395 supra
519 1347 539 1378 o
552 1333 589 1379 15.
606 1339 629 1377 et
639 1331 733 1379 Sueten.
765 1338 824 1378 sum.
946 1368 947 1375 ,

216 1397 241 1445 ‘m
252 1398 309 1446 Ner.
319 1401 358 1446 22.
376 1406 399 1445 et
410 1396 553 1444 Gronovium
564 1395 594 1442 sd
606 1394 660 1442 niv.
674 1399 699 1454 7,
711 1401 734 1443 2.
800 1392 827 1443 C.
840 1399 879 1443 23.
890 1396 967 1457 Atque
977 1398 1111 1458 illumfines
1121 1410 1174 1443 suos
1184 1405 1282 1457 prater-

216 1462 285 1510 1dem
297 1462 387 1510 Plinius
398 1462 445 1525 Ep.
456 1464 479 1520 7,
490 1465 531 1508 24.
538 1476 584 1522 per
594 1461 735 1507 adulationis
764 1461 921 1524 gredientem]
933 1463 965 1508 ln
968 1464 1034 1527 fines
1040 1476 1092 1508 suos
1094 1463 1284 1523 progredientem

217 1530 319 1589 officium
329 1530 356 1574 in
367 1528 484 1573 theatrum
495 1526 646 1583 cursitabant,
657 1526 734 1571 scent-
766 1524 815 1572 cod.
828 1524 885 1588 Agr.
921 1525 984 1572 Puto
988 1529 1051 1587 fines
1062 1540 1114 1573 suos
1119 1528 1283 1588 progredien-

218 1594 306 1648 utem,
318 1593 467 1653 plaudebant,
483 1592 638 1636 mirabantur.
655 1604 682 1635 ac
696 1590 734 1635 de-
765 1597 820 1636 tem.

217 1658 272 1703 inde
282 1658 387 1717 singulos
395 1662 476 1716 gestus
485 1656 584 1701 domme
593 1669 646 1701 cum
660 1655 735 1700 canti-
800 1654 828 1701 0.
840 1656 880 1701 24.
893 1655 934 1701 rid
944 1656 994 1702 lanc
1001 1657 1103 1718 penuria
1111 1654 1188 1719 aqua]
1199 1656 1282 1717 Aqua·

218 1724 252 1767 eie
267 1723 395 1768 sedubunt.
429 1720 518 1781 Peneg.
535 1735 556 1766 c.
572 1724 595 1766 2.
628 1720 737 1779 Populus
767 1734 822 1765 rum
829 1721 931 1779 pensaria
942 1720 990 1767 cod.
1002 1720 1082 1781 Agric.

219 1786 341 1833 Romanus
357 1775 442 1845 ‘quanto
454 1786 537 1845 paullo
555 1790 608 1830 ante
626 1788 736 1829 concentu
801 1780 880 1831 (125.
898 1784 940 1830 Ad
946 1786 1086 1845 prasidirun
1094 1782 1210 1844 Regium]
1223 1782 1283 1832 cod.

210 1852 347 1912 formosum
354 1852 436 1907 alium,
443 1849 671 1910 huncforttssimom
679 1862 744 1907 per-¹
768 1847 828 1910 Agr.
836 1848 976 1908 presidium
986 1851 1070 1896 isserat.

217 1921 293 1969 meat,
312 1916 437 1975 quibusque
457 1914 581 1973 aliquando
597 1912 737 1958 eumericus
804 1911 870 1967 Quod
892 1926 948 1957 eron
952 1916 1067 1974 q'uoentus
1078 1913 1203 1975 clauserat]
1216 1910 1285 1961 Men-

216 1976 736 2041 gcstumalteriusetoocemdsujuspietatcm,
769 1976 832 2023 doso.
886 1983 941 2029 orte.
961 1991 1005 2036 quo
1023 1982 1133 2023 euaserat.
1153 1974 1287 2037 presidium

219 2045 391 2101 abstinentiam,
420 2042 620 2088 monsuetudinem
649 2041 736 2086 modat.
769 2055 812 2101 pro
823 2054 873 2087 arce
883 2040 957 2102 ponit,
968 2048 1066 2103 utsaepe
1075 2038 1205 2087 siissAnn.
1216 2045 1287 2095 3,2Ι.

220 2107 259 2156 De
278 2107 352 2171 operis
368 2104 517 2154 theudius
534 2104 586 2152 ride
604 2105 737 2167 interpretes
765 2106 915 2166 praesidium,
932 2106 971 2150 cui
985 2106 1159 2152 Tlcalo‘uomen·
1174 2104 1287 2167 atqueits

219 2171 362 2230 adAnn.l‚
376 2172 413 2219 16.
434 2168 739 2217 Periteaudiretamende-
770 2169 863 2232 passim.
881 2165 934 2215 oum
951 2169 1049 2217 assellis
1059 2170 1174 2231 presidia
1190 2170 1287 2229 oonjun.

219 2236 284 2295 fmdi
299 2245 376 2298 posset
391 2251 421 2283 ex
439 2236 503 2283 Suet.
518 2234 534 2281 l.
553 2249 573 2281 c.
594 2235 660 2282 Solos
679 2234 739 2279 scire
770 2234 805 2295 git
817 2234 855 2291 ll,
868 2234 907 2281 33.
1323 2286 1327 2292 ,

221 2302 308 2348 cadim
316 2304 418 2350 Grecos.
428 2299 470 2346 ubi
479 2307 538 2363 puto
548 2301 612 2345 scite.
622 2296 739 2361 quomodo
804 2300 839 2345 Et
845 2297 923 2362 pulsi]
935 2298 998 2345 Puto
1008 2300 1047 2345 sed
1053 2298 1126 2359 pulsi.
1138 2296 1230 2345 Deinde
1238 2298 1289 2347 aod.

218 2366 282 2429 apud
293 2365 396 2413 Gellium
410 2369 446 2417 18,
456 2368 479 2410 5·
500 2364 737 2411 TuncJuliauonun-
771 2362 835 2409 Med.
854 2362 968 2424 Agrioolae
984 2372 1007 2415 et
1022 2363 1136 2421 Venetus,
1154 2364 1247 2410 demum
1265 2369 1289 2411 st

220 2433 304 2482 amur,
317 2435 461 2490 anagnostae
471 2428 585 2488 quosdam
597 2441 649 2473 uoce
659 2427 737 2472 admo-
770 2421 961 2489 irrumpentium.
997 2428 1082 2485 Scribe,
1105 2440 1131 2473 eo
1152 2429 1288 2489 irrumpes.

192 2505 194 2512 '
211 2496 278 2542 siam
294 2496 353 2541 scito
368 2500 391 2540 et
407 2507 491 2539 canora
509 2493 583 2537 Ennii
597 2492 691 2537 anuoks
706 2491 738 2537 le·
771 2494 838 2539 tium
868 2492 906 2551 13,
918 2492 957 2547 26
969 2492 1075 2538 coalitum
1086 2492 1190 2537 libertate
1201 2493 1289 2538 irreoc.
1336 2518 1338 2527 ι

217 2556 582 2621 gereadpopulums'ntlseatro.
614 2554 677 2603 Vide
687 2569 738 2601 om·
771 2557 1059 2617 rentiameoprorupisse.
1093 2556 1131 2601 Eo
1137 2555 1246 2615 maveli,
1263 2570 1289 2603 eo
1376 2582 1379 2589 ·

221 2624 361 2671 ninolocum
370 2620 487 2685 egregium
495 2620 542 2684 Ep.
553 2620 624 2677 1,26.
639 2618 737 2667 Aristus-
765 2618 889 2684 progredi,
911 2628 934 2667 et
955 2619 1040 2667 similia
1059 2618 1146 2683 possim
1165 2618 1228 2681 upud
1246 2634 1289 2668 no·

222 2688 277 2742 neti,
293 2697 317 2735 et
326 2688 374 2736 illie
385 2686 523 2735 Meroerum.
535 2686 591 2732 scite
602 2686 664 2746 loqui
675 2682 738 2730 idem
759 2693 851 2732 ‘strunt
1352 2724 1361 2735 Α,

222 2752 312 2800 Gellius
326 2757 364 2811 17,
377 2752 416 2801 17.
427 2752 552 2811 diligenter
562 2748 739 2797 audiseSeneta
802 2751 854 2797 Pro
876 2751 979 2811 pignore
1003 2750 1116 2796 amicitie
1138 2746 1288 2811 ostentantes]

221 2816 251 2865 de
261 2816 344 2865 Benei.
354 2822 378 2871 3,
389 2818 430 2865 27.
774 2814 896 2861 ostentans
908 2814 957 2861 cod.
967 2813 1025 2875 Agr.

255 2880 284 2930 C.
296 2883 336 2929 21.
355 2882 403 2938 Qui
414 2882 510 2941 primus
522 2880 549 2925 id
560 2893 636 2940 gessur
651 2884 739 2939 specta·
804 2878 833 2925 0.
851 2878 891 2926 26.
914 2880 985 2939 Spem
1004 2879 1055 2925 belli
1076 2880 1183 2925 eminere
1198 2872 1312 2943 coegit1f
1334 2928 1337 2935 ,

222 2948 283 3009 culi]
301 2945 437 3007 Spectacula
447 2942 536 2997 malim,
547 2951 575 2990 ut
585 2942 647 2990 olibi.
769 2940 865 2989 Rectius
881 2943 987 2988 omittere
1002 2941 1051 2989 sod.
1067 2941 1127 3004 Agr.
1143 2949 1167 2989 et
1180 2940 1212 2988 sic
1228 2957 1289 3005 saepe

257 3010 402 3057 A'Tlsuscis
421 3010 505 3056 accitos
523 3006 658 3069 histriones]
678 3004 743 3056 Cave
770 3015 853 3054 noster.
872 3021 915 3069 pro
933 3020 1025 3052 auersos
1043 3008 1118 3051 animi
1136 3001 1199 3052 idem
1217 3006 1290 3053 codex

221 3074 320 3137 corrigas
347 3083 401 3121 mm
425 3071 583 3120 Fceinshemio
599 3072 638 3117 ab
666 3071 740 3118 Oscis.
769 3072 856 3118 almum
872 3071 965 3127 animis,
982 3068 1031 3118 hoe'
1041 3072 1089 3129 est.
1103 3068 1183 3117 animi.
1198 3068 1232 3115 de¹
1242 3084 1290 3131 quo

222 3141 309 3187 ffmri
318 3154 361 3202 pro
374 3137 524 3184 histrionibus
537 3136 660 3183 Thuscum
675 3150 741 3183 voea-
770 3135 800 3183 ud
811 3135 938 3182 Nasonem.

221 3204 308 3251 bulum
326 3201 395 3249 Livio
412 3203 435 3261 7,
452 3203 476 3247 2.
494 3202 549 3260 quio
564 3202 651 3247 Hister
667 3200 742 3246 Tusco
802 3199 921 3247 Additum
935 3204 958 3245 et
971 3200 1123 3263 presidium]
1142 3196 1207 3261 Lege
1221 3197 1288 3245 osidi-

221 3269 289 3315 uerbo
305 3268 370 3313 ludio
386 3265 516 3313 uocabatur.
542 3264 740 3311 Emendaressus
772 3270 823 3311 tum
833 3266 862 3309 ei.
1133 3308 1138 3319 ,

222 3330 288 3395 apud
299 3332 363 3379 Suet.
378 3330 404 3376 in
415 3329 523 3391 Augusto
533 3344 554 3377 c.
564 3331 604 3387 70.
622 3344 675 3375 cum
685 3331 741 3390 pri·
805 3326 834 3377 C.
854 3333 893 3378 28.
920 3329 982 3377 Vitii
1002 3328 1082 3389 Crispi
1097 3328 1189 3391 fratris
1208 3328 1290 3389 opilius

221 3411 288 3443 mum
299 3397 408 3451 utacum,
417 3401 462 3441 etc.
694 3411 696 3415 ·
760 3392 866 3458 enisus]
883 3394 949 3442 Julii
966 3394 994 3441 C.
1005 3394 1100 3455 fratris
1115 3393 1196 3454 opibus
1211 3394 1290 3439 enisus

256 3461 403 3521 Eloqueretur
419 3458 523 3521 primae]
549 3460 674 3507 Rrimitias
692 3456 743 3505 cod.
773 3456 822 3504 cod
834 3457 895 3520 Agr.
904 3460 970 3505 bene.
1261 3472 1263 3479 ⁴

224 3525 283 3587 Agr.
291 3525 410 3587 primitia
420 3524 568 3570 metallorum
579 3524 742 3586 nullieforno-
806 3519 835 3571 (¹.
846 3528 886 3571 29.
904 3523 1025 3571 Aduersus
1036 3524 1102 3571 breue
1112 3524 1170 3571 litus
1181 3528 1203 3570 et
1214 3523 1291 3569 incer·

206 3619 208 3624 ·
225 3591 289 3636 cibus
297 3591 366 3637 otctae
375 3589 409 3635 Η.
417 3592 443 3646 4,
453 3591 492 3635 53.
497 3590 571 3649 jassae
578 3588 743 3647 dolorumpri·
774 3587 837 3650 tum]
854 3588 926 3634 Litus
939 3588 1004 3634 abest
1017 3589 1047 3636 ub
1056 3587 1140 3651 Agric.
1154 3584 1204 3634 aod.
1222 3585 1291 3632 Forte

223 3656 298 3702 mitta
308 3653 389 3701 Valet.
406 3653 482 3700 Flacc-
494 3652 519 3710 3,
531 3653 587 3699 515.
605 3650 636 3698 de
645 3652 743 3713 superbo
774 3653 852 3698 bravia
865 3658 887 3699 et
897 3653 993 3698 incesta.

225 3714 292 3779 Rege
299 3718 366 3780 Virg.
375 3718 432 3765 AEn.
447 3720 486 3774 11,
498 3721 535 3763 16.
546 3724 570 3763 et
583 3717 636 3763 156.
646 3725 669 3763 et
679 3714 742 3762 olibi.
755 3766 763 3779 ι
805 3715 833 3763 C.
844 3718 884 3763 3⁰.
901 3718 1005 3779 Dejectio
1015 3716 1135 3763 honorem
1144 3713 1234 3777 saciet]
1252 3712 1291 3760 Sic

226 3781 360 3844 Symmaeh.
367 3783 458 3844 gaudeo
465 3782 644 3828 minisermonis
651 3782 687 3827 tut
689 3781 744 3841 prt-
774 3778 823 3830 cod.
844 3781 951 3842 Agnou
970 3782 1061 3843 dejectis
1077 3783 1102 3827 tn
1118 3792 1167 3825 oro.
1199 3774 1291 3824 Deinde

224 3848 308 3893 mittas
323 3847 437 3907 obtigisse.
470 3845 519 3908 Ep.
530 3849 554 3905 5,
567 3848 606 3896 73.
618 3847 744 3907 pratilore
772 3844 835 3892 idem
841 3844 1066 3906 codechuidaeque
1072 3842 1291 3904 circumfrementes

219 3911 346 3973 primitias
356 3911 509 3973 scriptionis..
526 3909 577 3959 Sed
587 3910 621 3957 m1
631 3917 704 3957 muto.
769 3923 859 3971 preces,
868 3917 890 3955 et
896 3910 1017 3970 perculere
1026 3911 1132 3955 militem.
1142 3904 1204 3953 mule
1214 3914 1298 3953 mutae·

259 3976 340 4023 Greci
355 3969 467 4036 amictui]
484 3974 542 4022 Cod.
552 3975 613 4038 Agr.
633 3974 744 4023 Gratiam
774 3974 808 4021 vis
820 3973 922 4021 Pithens
932 3988 962 4021 sn
972 3973 1026 4021 MS.

219 4041 367 4101 jactamque
374 4053 420 4101 per
430 4053 467 4086 eos
477 4039 526 4085 dies
535 4046 586 4087 tam
594 4041 745 4087 emoluermt.
807 4038 959 4086 Hoerentilius
974 4036 1096 4099 meminis]
1113 4034 1154 4082 An
1165 4035 1293 4099 rigentibus

258 4105 419 4168 incesserant]
431 4103 471 4151 Ab
482 4103 620 4152 nomen
631 4120 661 4151 ne
671 4110 745 4150 muts.
775 4099 813 4152 vel
824 4101 990 4167 torpentibus?

227 4165 341 4215 steiana
354 4174 425 4217 udi·
459 4166 506 4215 ssd
521 4168 584 4216 malo
599 4167 747 4222 motioni.
809 4168 844 4215 Et
854 4183 878 4216 se
889 4164 946 4229 ipsi]
958 4166 1047 4211 littere
1058 4163 1293 4229 ipsioodAgr.tnm

228 4230 267 4277 vel
276 4232 591 4290 incesserannssaleseruse.
777 4247 856 4295 nseq.
868 4230 1160 4290 mgnumnneomam
1170 4246 1245 4277 suosn-

261 4294 292 4343 C.
303 4300 343 4342 22·
361 4295 537 4362 Celeiradatus]
551 4299 687 4348 Celelrutus
697 4295 749 4347 aod.
810 4294 840 4344 0.
847 4300 886 4345 31.
895 4294 1076 4360 Seruitiosacti]
1084 4298 1169 4345 ossen
1177 4295 1226 4345 ood-
1235 4294 1294 4355 Agr.

228 4360 286 4422 Agr.
298 4358 357 4408 forte
366 4362 499 4410 antemnas.
778 4362 844 4409 bene.
857 4360 894 4409 vel
904 4358 989 4407 adacti.
1014 4382 1016 4389 ⁴
