3034 4967
548 255 768 321 DlALOGUS.
787 256 877 317 CAP.
896 258 925 321 7·
1228 262 1270 321 ⁶9
1297 252 1301 258 ²

211 422 359 507 surgendi
381 420 612 507 addstendique
633 422 713 485 inter
738 430 884 494 tacentes,
907 418 940 481 in
962 436 1063 481 unum
1087 438 1268 496 conteram

210 506 292 571 coire
305 507 467 593 populum,
479 519 512 571 et
525 504 733 571 circumfundi
741 526 898 581 coronam,
908 518 940 567 et
948 500 1087 601 accipere
1099 504 1277 585 adfectum,

212 614 442 678 quemcumque
455 605 561 657 orator
575 590 731 655 induerit!
758 588 900 676 Vulgata
913 587 1083 652 dicentium
1139 589 1225 669 udis,
1238 604 1272 657 et

212 676 415 762 inperitorum
433 699 562 764 quoque
582 675 680 741 oculis
700 674 852 761 exposita,
876 695 1049 760 percenseo.
1093 676 1110 738 l
1134 696 1155 737 a
1175 698 1273 739 secre-

211 761 300 840 u'ora,
314 774 346 827 et
360 774 483 827 tantum
497 762 571 849 ipsis
583 760 745 827 orantibus
761 774 846 837 nota,
862 759 982 845 majora
1002 770 1087 823 sunt.
1129 758 1204 823 Sive
1216 761 1273 825 ad·

210 860 349 911 curatam
363 846 607 933 meditatamque
620 846 722 910 adfert
740 844 932 918 orationemr
953 857 1001 907 est
1013 842 1173 929 quoddam
1192 844 1273 911 sicut

209 932 308 1017 ipsius
323 931 477 1012 dictionis,
490 933 534 995 ita
545 931 665 1019 gaudii,
681 930 807 1018 pondua
819 944 852 995 et
864 929 1056 995 commutis:
1081 927 1146 992 aive
1158 952 1273 995 novam

210 1029 242 1083 et
255 1030 409 1081 recentem
422 1038 530 1081 curam
547 1038 611 1081 non
630 1016 695 1081 sine
716 1014 757 1080 ali
779 1038 823 1080 ua
842 1011 1049 1101 trepidatione
1066 1010 1162 1077 animi
1181 1016 1280 1080 adtu·›

210 1100 301 1175 lerit;
335 1102 404 1188 ipsa
428 1101 602 1167 sollicitudo
626 1122 745 1166 comme
809 1113 992 1165 terentum
1021 1110 1054 1163 et
1081 1097 1273 1165 lenocinatur

210 1186 372 1273 voluptati.
418 1187 481 1252 Sed
493 1185 711 1272 extemporalis
722 1186 862 1251 audaciae
872 1198 968 1271 atque
981 1183 1079 1284 ipsius
1092 1186 1275 1249 temeritatis

210 1271 260 1335 vel
274 1272 431 1359 praecipua
448 1272 631 1360 jucunditas
645 1284 700 1337 est.
745 1272 830 1336 Nam
845 1272 881 1353 in
902 1271 1028 1355 ingemo
1041 1292 1180 1356 quoque,
1194 1271 1275 1336 sicut

210 1355 243 1419 in
257 1380 344 1443 agro,
359 1380 553 1443 quamquam
566 1356 627 1421 alia
640 1358 695 1422 diu
710 1369 853 1423 serantur
866 1367 961 1443 etque
980 1354 1188 1435 elaberentur,
1202 1378 1276 1443 gra·

211 1441 294 1505 tiore
308 1457 422 1521 tamen,
459 1465 510 1506 uae
524 1466 581 1508 sua
595 1458 704 1532 sponte
718 1454 897 1507 nascuntur.

254 1527 336 1591 Vll.
353 1466 522 1613 Equidem,
536 1541 574 1591 ut
588 1528 627 1592 de
641 1551 691 1591 me
708 1527 775 1614 ipae
789 1527 897 1605 fatear,
912 1548 976 1602 non
990 1548 1064 1589 eum
1078 1523 1163 1591 diem
1177 1524 1275 1593 laetio-

210 1633 275 1675 rem
290 1611 351 1697 egi,
367 1635 431 1698 quo
444 1613 521 1677 mihi
535 1614 617 1678 latus
631 1614 738 1679 clavus
751 1613 876 1678 oblatus
884 1626 942 1689 est,
957 1610 1008 1675 vel
1021 1633 1097 1697 quo,
1111 1611 1208 1676 homo
1219 1634 1276 1677 no·

210 1718 269 1759 vus
289 1710 320 1759 et
341 1697 373 1759 in
394 1698 518 1763 civitate
539 1699 666 1763 minime
686 1697 849 1763 favorabili
869 1712 973 1776 natus,
989 1698 1197 1774 Quaesturam,
1218 1710 1276 1764 aut

211 1780 435 1859 Tribunatum,
457 1797 513 1846 aut
527 1786 703 1848 Praeturam
718 1784 822 1868 accepi
834 1807 843 1856 ;
867 1804 963 1867 quam
977 1804 1041 1859 eoa,
1055 1782 1172 1866 quibua
1185 1783 1274 1859 milri,

207 1887 268 1951 pro
284 1864 496 1929 mediocritate
516 1868 615 1951 hujus
629 1868 927 1954 quantulaecumque
946 1868 980 1928 in
992 1866 1125 1928 dicendo
1145 1866 1277 1929 faculta-

208 1952 260 2029 tis,
275 1962 331 2013 aut
345 1971 433 2012 reum
470 1972 594 2037 rospere
603 1949 780 2027 defendere,
789 1962 844 2012 aut
858 1950 945 2034 apud
956 1949 1176 2013 Centumviros
1185 1972 1277 2015 caus
1345 2004 1348 2010 .

210 2058 277 2098 sam
291 2033 427 2119 aliquam
442 1972 573 2099 delicitm
586 2057 685 2113 orare,
700 2046 756 2097 aut
770 2032 857 2120 apud
869 2032 1046 2119 Principem
1059 2033 1143 2119 ipsos
1157 2034 1227 2099 illos
1239 2035 1276 2099 li·

208 2120 313 2182 bertos
328 2133 359 2181 et
377 2120 598 2184 Procuratores
618 2119 802 2205 Principum
825 2117 906 2181 tueri
927 2130 959 2181 et
980 2117 1151 2183 defendere
1171 2119 1274 2185 datur.

211 2206 299 2267 Tum
313 2203 390 2267 mihi
410 2228 506 2292 supra
521 2205 720 2271 Tribunatua
741 2216 774 2268 et
788 2205 947 2267 Praeturas
967 2216 999 2267 et
1016 2204 1208 2270 Consulatus
1221 2207 1276 2271 ad-

210 2288 354 2353 scendere
372 2289 490 2369 videor,
507 2303 576 2354 tum
594 2290 719 2368 habere,
740 2287 838 2374 quod,
854 2287 879 2352 si
900 2310 963 2352 non
984 2288 1018 2352 in
1038 2290 1143 2355 animo
1163 2290 1276 2372 oritur,

659 2459 669 2487 b

241 2510 415 2571 armandique
426 2509 488 2556 tuter
499 2508 612 2570 rarenter]
629 2506 726 2565 Vereor,
759 2506 821 2554 Mox
831 2509 907 2555 animi
922 2507 994 2556 edidit
1004 2508 1113 2557 Pirhena.
1145 2509 1212 2559 Ante
1226 2522 1276 2561 erat

208 2590 238 2623 ne
248 2591 328 2623 verum
339 2574 368 2621 sit
379 2574 520 2633 dicendique,
528 2571 592 2634 quod
603 2573 637 2628 τῷ
647 2577 724 2618 sareu·-
756 2571 818 2619 male
833 2574 934 2620 ruimus.
966 2573 1040 2621 Etru.
1072 2575 1147 2621 Noua
1158 2582 1182 2624 ct
1196 2591 1276 2625 receur

207 2635 726 2751 remunerarentur
756 2636 1190 2765 “wlffifflffidlb
1204 2641 1276 2767 ,ll

206 2735 357 2829 Sebeliurqire
375 2764 535 2827 circrdusrurdi
550 2778 666 2823 coronam,
683 2778 726 2825 pro
757 2762 848 2811 Eadem
858 2766 997 2829 synonymia
1007 2768 1105 2815 ocurrrit
1115 2776 1168 2815 etr.
1178 2772 1216 2818 8.·

206 2846 305 2886 coram
320 2829 382 2893 quod
391 2828 425 2877 ita
435 2828 527 2877 evidens
537 2836 578 2886 est,
590 2836 618 2875 ut
627 2827 726 2889 recipere
790 2829 860 2875 Nam
870 2831 1066 2891 ingenioquoque,
1073 2833 1129 2895 etc]
1140 2832 1173 2880 Iu
1180 2836 1276 2896 lugente
1294 2886 1297 2890 ¹

206 2894 412 2970 noudubitar'rm.⁴
428 2893 502 2971 Eup.
530 2890 614 2939 Heius.
624 2892 726 2939 malebat
755 2891 885 2951 Addaliur,
896 2896 970 2972 beqe3
988 2896 1276 2960 sednecillarauaputo,

206 2954 623 3083 iffllfflfilfssllifdlf
632 2970 725 3079 i'ir'l'.
756 2960 1277 3085 ttmdttltl‘trttltrlrffi

206 3089 305 3135 maula.
317 3120 324 3135 .
335 3088 526 3147 demajuucuuru
538 3084 623 3131 uallata
634 3098 725 3131 ccrorru.
756 3092 842 3131 umru.
877 3085 920 3132 Au
935 3086 981 3133 fuit
996 3102 1137 3148 quamquam
1152 3090 1223 3135 utilio
1238 3091 1276 3139 rel

241 3154 404 3211 Quemcunque
423 3154 503 3195 orator
522 3147 636 3207 irrdwrit]
660 3147 725 3195 Ante
756 3149 863 3206 utiliora,
875 3164 927 3210 quae
937 3158 1048 3199 scrantur
1058 3160 1102 3199 etc.
1133 3151 1208 3200 Ειιιι.

207 3215 316 3279 lipsium
326 3214 379 3263 edd.
396 3226 532 3273 quacunque
544 3226 579 3259 or.
594 3214 724 3259 tradereris.
795 3214 828 3261 Ut
837 3214 866 3261 dr
881 3228 919 3261 me
934 3216 984 3277 ipre
992 3216 1088 3279 fatear]
1104 3216 1143 3265 Sic
1157 3216 1212 3265 edit.
1226 3219 1275 3283 pri-

207 3279 278 3327 Enrr.
756 3292 807 3325 sce.
838 3277 916 3325 Rhen.
927 3278 991 3327 dedit
1000 3281 1057 3342 ipro.

236 3345 353 3405 Euportru
367 3338 501 3407 puccrreeo]
518 3340 584 3389 Bene
602 3341 635 3389 ita
650 3340 722 3389 liber:
787 3344 820 3390 Iu
831 3344 926 3391 ctutum
937 3346 995 3406 mira.
1003 3345 1072 3407 sou]
1089 3344 1221 3407 Maternus,
1233 3348 1276 3399 se-

172 3414 179 3434 *
204 3415 278 3462 antee
298 3422 376 3469 parua
394 3420 479 3465 causeo,
502 3420 557 3453 cum
576 3405 675 3469 pernicie
690 3413 725 3453 to·
755 3407 1276 3471 cundm,Aper,fuereGalli;v.c.10.faror

205 3472 252 3521 tius
262 3472 387 3531 sententia.
421 3470 498 3517 Iura.
530 3468 724 3533 Edpnpcrcur·
755 3485 826 3533 perrea
844 3472 971 3521 Romanoa.
988 3472 1109 3522 Ammian.
1128 3476 1168 3536 14,
1178 3478 1203 3525 d.
1237 3477 1276 3528 Cf.

205 3550 250 3591 ece,
262 3536 295 3585 ric
304 3544 328 3584 et
339 3536 396 3584 rut.
407 3532 447 3583 aed
458 3533 512 3582 Ber.
519 3548 598 3595 parua
609 3548 693 3582 ceruco.
756 3543 836 3583 notata
846 3535 877 3582 ad
887 3551 906 3584 r.
921 3537 958 3592 17.

237 3600 290 3647 Siue
307 3614 391 3647 nouum
404 3604 428 3647 et
442 3604 557 3647 recentem
568 3598 661 3659 ruram]
676 3600 725 3648 Cu·
792 3601 855 3647 Tum
871 3602 936 3648 abire
951 3603 1012 3663 quod
1027 3604 1049 3648 ri
1065 3600 1123 3663 nou]
1151 3603 1277 3667 corruptio

206 3680 260 3711 rum
276 3662 361 3712 frurua
371 3671 501 3725 suspectam
517 3662 587 3711 babet
599 3663 725 3711 Acidaliae.
756 3664 826 3722 clara,
838 3678 880 3713 nee
890 3665 1004 3713 medicina
1013 3666 1147 3715 blealibro.
1171 3668 1277 3721 Pithoeur

203 3728 478 3777 unumunurm
489 3743 508 3775 e.
521 3729 544 3775 3.
578 3728 724 3777 Seduovaet
756 3735 838 3788 motat
857 3731 918 3777 Tum
936 3730 1026 3784 mure,
1043 3733 1104 3792 quod
1119 3745 1165 3779 nou
1181 3734 1208 3777 r'u
1222 3733 1276 3781 aloc

203 3807 283 3839 recena
294 3806 351 3839 curu
361 3791 476 3841 nonsatis
486 3800 591 3839 accurate
601 3792 725 3855 opponitur
756 3794 852 3849 ortrur,·
872 3789 936 3857 qtod
951 3793 1017 3858 capio
1029 3793 1093 3843 haud
1106 3794 1170 3842 satia·
1202 3794 1275 3847 Anne

203 3862 322 3903 accurata
332 3864 354 3904 ct
364 3858 483 3904 marrata
491 3858 601 3903 orationi.
634 3856 724 3905 Necsie
755 3859 782 3905 iu
800 3858 851 3905 atto
868 3857 942 3905 voluit
955 3858 1037 3913 dicere,
1053 3868 1077 3907 et
1091 3859 1220 3907 Praetorum
1235 3863 1276 3923 jur

95 3968 97 3973 ,
203 3920 254 3969 dici
265 3936 332 3984 porse
342 3920 438 3969 arbium
450 3921 630 3983 extemporalem
641 3919 725 3969 oratio·-
755 3921 913 3985 formulasque
926 3922 1059 3971 intellexit?
1076 3922 1182 3971 Fortasse
1195 3925 1280 3982 mam,

203 3998 267 4044 nan,
282 3984 312 4033 de
322 4000 370 4048 qua
385 3998 461 4033 sermo
476 3992 518 4032 est.
550 3984 612 4033 Puto
626 3984 722 4047 scriptu·
756 3986 910 4047 quodscr'ltoer
919 3986 1036 4050 (itaerrim
1046 3984 1114 4045 illud,
1126 3986 1156 4046 ri,
1166 3987 1275 4040 diducam

204 4063 255 4096 ram
265 4062 344 4098 veram
360 4064 407 4097 me
421 4055 545 4111 repentem,
562 4048 577 4095 i.
590 4064 610 4097 e.
626 4048 726 4112 repenti·
756 4049 977 4112 emundamur„
987 4050 1084 4097 uarro
1093 4052 1179 4100 oritur.
1210 4054 1275 4105 Prie-

204 4112 726 4232 Ιὶιιιιιιιιι.ιιι
754 4113 1157 4239 ιιΕιιῐθιι
1212 4119 1277 4230 ιι

203 4192 310 4291 ildinus
332 4192 405 4290 ilem
416 4210 530 4302 irrepens
543 4210 598 4289 cuia
607 4250 643 4290 est
652 4210 724 4289 cirtio
754 4243 885 4304 lectionem,
896 4243 945 4290 sive
954 4243 1086 4303 mnjectma
1094 4253 1137 4303 ert,
1149 4260 1195 4294 uon
1206 4185 1276 4295 ‘m

203 4306 291 4365 subita,
309 4306 338 4354 de
357 4321 390 4367 re,
411 4304 516 4357 noudum
534 4320 576 4357 nec
591 4306 725 4357 meditando
754 4317 788 4367 to,
798 4308 841 4371 qui
851 4308 876 4355 in
886 4306 1000 4370 prioribus
1011 4308 1087 4357 rubis
1096 4308 1162 4371 legit,
1173 4317 1276 4361 raura-

205 4383 248 4418 nec
269 4370 366 4420 dicendo
382 4370 449 4419 nobis
468 4376 563 4419 ιιιιιιιιιιι
584 4380 607 4421 et
626 4371 724 4435 cogniu.
751 4374 927 4433 mmcudire.
959 4371 1034 4420 lars.
1068 4371 1276 4435 Simsseemuod
