3034 4967
489 224 744 287 natussum
768 192 1041 289 aaarnoaurr'.
1242 231 1298 287 aa

229 383 278 447 nia
298 390 384 449 valet,
436 390 582 447 Osroenes
599 385 687 446 etiam
703 386 764 445 sire
786 385 903 447 Edessae
920 398 957 455 et,
976 386 1142 445 Adiabenes
1166 404 1257 463 regna
1274 405 1293 444 a

230 468 345 531 Parthis
358 468 535 545 pendebant.
576 466 694 543 Ejectus
709 486 726 524 a
739 466 799 534 suis
813 466 1006 545 Ctesiphonte
1021 465 1190 523 Artabanus
1205 464 1229 533 1,
1245 483 1292 522 re·

230 546 349 613 stitutus
362 548 391 605 iu
407 547 513 611 solium
527 547 563 605 ab
578 544 671 614 laete,
687 544 916 613 Adiabenorum⁴
926 545 1022 623 Rege,
1036 544 1116 612 huic,
1132 553 1164 601 ut
1176 554 1292 619 gratum

231 635 387 685 testaretur
399 625 539 693 animum,
554 624 656 691 tiaram
674 623 808 692 dextram
829 633 945 757 gestare
966 634 996 681 et
1017 622 1096 681 aurei
1119 640 1201 680 usum
1222 619 1293 679 lecti

226 703 369 780 permisit,
385 704 465 781 quod
478 702 532 761 soii
548 702 618 759 alias
635 701 811 762 Parthorum
860 702 907 777 egi
926 702 1041 761 licebat.
1083 702 1157 779 Jure
1170 700 1292 777 proinde

138 829 140 834 .
230 781 394 860 meritoque
408 782 456 839 hic
471 784 531 839 Rea
544 782 651 860 Regum
664 780 770 849 dictus,
786 780 834 838 cui
848 791 891 838 tot
904 780 1000 858 Reges
1013 791 1096 840 erant
1110 778 1292 848 obedientes,

230 857 415 940 honoresque
429 871 460 919 et
473 859 596 935 insignia
609 859 777 917 referebant
790 871 922 937 accepta.
996 902 999 914 .
1276 932 1279 937 Δ

221 941 227 952 “
273 939 321 997 Ad
333 942 453 999 boream
468 937 667 1014 Ctesiphontis
679 939 819 1004 Atreum,
831 938 869 1009 ad
882 939 1032 998 meridiem
1042 939 1227 1000 Characenos
1242 934 1293 994 ha·

230 1017 341 1077 bebant
358 1016 468 1087 Parthi,
484 1035 609 1094 qnorum
627 1019 700 1094 jugo
714 1015 743 1071 hi
757 1035 823 1075 sese
837 1016 1009 1076 subtrahere
1023 1027 1183 1086 tentarunt,
1195 1016 1292 1074 donec

232 1097 395 1156 Artabazes
408 1097 471 1155 Rex
482 1094 753 1173 ipsornmdecimus
766 1094 796 1151 in
810 1096 913 1153 solium
929 1096 1098 1157 Parthicum
1109 1106 1154 1154 est
1164 1107 1296 1155 evectus.

231 1175 384 1233 Constanti
391 1174 450 1232 fide
461 1185 563 1233 contra
572 1172 686 1233 Parthis
696 1174 846 1232 adhaesere
856 1174 1004 1234 Atreniex
1013 1175 1159 1233 Arubibus
1169 1172 1294 1233 Scenitis

230 1252 299 1322 orti,
312 1274 434 1331 quorum
447 1272 529 1331 opes,
544 1252 727 1311 commerciis
741 1254 871 1331 quaesitae
884 1252 1015 1331 fidesque
1031 1253 1144 1312 Parthis
1163 1252 1295 1330 praestita

223 1333 392 1409 majanum
412 1351 539 1402 movere,
554 1342 588 1389 ut
603 1335 690 1390 Atras
710 1344 903 1409 oppugnaret,
922 1333 1024 1390 urbem
1043 1332 1182 1390 altissimo
1202 1330 1294 1387 monti

226 1410 397 1488 inpositam.
436 1412 510 1469 Mox
523 1410 646 1469 eandem
665 1429 772 1487 magna
785 1410 813 1467 vi
827 1411 946 1470 adortus
966 1410 1093 1469 Severus
1113 1421 1180 1488 post
1193 1406 1295 1487 viginti

234 1487 297 1547 dies
321 1488 572 1565 infectonegotio
593 1488 717 1566 turpiter
738 1489 891 1548 discedere
911 1501 956 1548 est
976 1502 1107 1563 coactus.
1147 1486 1296 1547 Arsacidis

236 1566 333 1637 etiam,
348 1569 385 1630 ab
399 1570 564 1644 Artaxerxe
578 1567 649 1639 iicet
663 1587 755 1645 regno
770 1568 902 1645 dejectis,
916 1566 1005 1626 fidem
1019 1579 1170 1628 servarunt
1179 1568 1296 1626 Arreni.
1351 1635 1353 1639 Ι

275 1646 404 1705 Orientis
423 1648 600 1725 scriptorum
620 1646 796 1715 testimonia,
811 1666 900 1722 quum
920 1666 978 1705 non
997 1648 1113 1707 nimisa
1133 1646 1247 1706 Graecis
1267 1657 1298 1703 et

237 1725 374 1789 Romanis
389 1726 566 1803 discrepant,
580 1724 610 1782 in
624 1724 779 1783 recitandis
793 1724 894 1783 harum
909 1725 1061 1804 regionum
1081 1725 1148 1784 fatis
1159 1727 1229 1803 ,jure
1243 1742 1297 1783 suo
1354 1763 1358 1769 ·
1443 1742 1448 1746 ·

223 1804 266 1866 in
282 1822 402 1864 censum
419 1805 549 1863 veniunt.
587 1803 655 1864 dam
670 1816 700 1861 et
714 1804 754 1860 illi
772 1804 868 1861 Asiam
888 1803 917 1861 in
935 1804 1019 1881 plura
1037 1824 1138 1883 regna,
1152 1824 1169 1861 a
1183 1802 1298 1863 Parthis

237 1881 407 1960 pendentia,
422 1882 544 1940 divisam
563 1883 704 1940 referunt.
725 1881 833 1939 Narrat
849 1882 966 1953 Tuberi,
981 1882 1096 1941 Irakam
1111 1892 1141 1940 et
1156 1880 1300 1959 quidquid

218 1997 221 2004 ·
236 1971 380 2019 terrarum
394 1960 415 2019 S
436 1961 508 2020 riam
523 1961 599 2018 inter
612 1971 643 2018 et
656 1960 819 2039 AEgyptum
838 1961 904 2028 fuit,
919 1960 1023 2019 functo
1035 1960 1103 2019 fatis
1116 1960 1297 2027 Alexandro,

231 2040 397 2118 ‚nonaginta
410 1982 508 2118 deges
521 2039 657 2098 habuisse
678 2039 852 2097 Parthorum
875 2039 948 2118 Regi
969 2040 1151 2109 obedientes,
1166 2038 1216 2115 qui
1230 2036 1299 2095 Ma-

238 2117 334 2178 dainae
346 2118 409 2181 sive
418 2118 611 2197 Ctesiphonte
624 2118 757 2178 sedebat.
798 2119 832 2176 In
846 2118 880 2177 iis
892 2117 976 2176 fuere
991 2130 1021 2176 et
1035 2120 1131 2177 Persae
1148 2119 1245 2195 Reges
1259 2116 1299 2173 ad

234 2207 330 2274 'usqne
350 2197 520 2257 Ardeschiri
537 2196 599 2256 sive
618 2196 790 2255 Artaxerxis
807 2196 970 2275 imperium.
1009 2197 1148 2257 Testetur
1168 2186 1298 2266 Novairi,

236 2275 308 2336 istos
322 2276 483 2355 Principes,
493 2277 524 2334 in
534 2275 649 2347 litteris,
661 2276 698 2334 ad
709 2275 875 2335 Aschalrum
888 2276 950 2334 sive
964 2278 1104 2337 Arsacem
1115 2276 1199 2345 datis,
1210 2275 1298 2351 hujus

235 2374 342 2413 nomen
351 2374 466 2431 semper
475 2355 739 2433 suoproeposuisse‚
750 2366 853 2412 contra
863 2355 969 2415 fecisse
985 2356 1099 2433 Regem
1110 2354 1295 2422 Parthorum,

234 2433 285 2511 qui
297 2444 394 2491 tamen
406 2434 529 2511 Regiam
542 2433 604 2491 istis
615 2433 788 2511 dignitatem
797 2452 853 2491 nec
864 2433 997 2492 conferre
1008 2453 1064 2492 nec
1075 2453 1110 2492 ea
1120 2451 1296 2512 quemquam

165 2506 171 2513 ’
234 2513 351 2591 privare
360 2513 498 2592 potuerit,
513 2523 590 2571 teste
603 2511 745 2595 Tabana,
751 2512 800 2593 cpi
812 2510 841 2568 iu
856 2512 962 2570 ceteris
975 2510 1062 2591 plhne
1077 2532 1143 2571 cnm
1158 2508 1296 2571 Novairio

234 2591 381 2652 convenit.
420 2591 539 2651 Firmari
553 2591 620 2649 haec
634 2600 665 2648 et
676 2590 770 2649 Mos'is
785 2590 990 2662 Chorenensie,
1000 2591 1118 2651 Armeni
1133 2589 1293 2668 scriptoris,

235 2669 332 2727 Persae
348 2690 466 2750 quoque
482 2669 627 2740 Ferdussi,
641 2669 808 2727 testimonio
821 2682 968 2747 poterunt.

272 2748 303 2809 U
304 2759 374 2814 ttot,
387 2749 548 2827 Principes,
558 2748 700 2806 libertatis
713 2767 773 2806 suae
783 2760 923 2817 amantes,
934 2750 1152 2809 auctoritatisve
1163 2762 1294 2818 tenaces,

227 2829 301 2905 jugo
315 2827 411 2887 alieno
424 2829 570 2904 patienter
580 2826 704 2885 ferendo
715 2826 933 2898 adsuescerent,
943 2828 1081 2906 prudenti
1093 2828 1292 2887 moderatione

232 2917 295 2964 erat
305 2926 390 2985 opus.
431 2905 510 2971 Quid
523 2916 627 2965 contra
641 2904 816 2965 Arsacidae?
837 2905 950 2964 Inmani
963 2907 1100 2984 superbia
1122 2908 1240 2966 inritare
1254 2906 1292 2965 is·

233 2994 330 3042 torum
344 2986 464 3055 animos,
479 3004 537 3062 quo
551 2983 700 3054 effectum,
714 2995 747 3049 ut
762 2996 942 3062 transgresso
958 2984 1126 3063 Euphraten
1137 2986 1293 3044 advenien-

233 3063 315 3140 tique
329 3063 473 3123 Antiocho
486 3060 753 3123 multi'Oributales
773 3064 869 3139 Reges
883 3073 1081 3131 occurrerent,
1095 3065 1245 3122 tradentes
1259 3082 1291 3121 se

232 3160 345 3218 suaque
360 3160 451 3217 regna
464 3159 531 3199 cum
542 3140 745 3199 exsecratione
764 3141 908 3218 superbiae
925 3140 1078 3201 Parthicae.
1121 3144 1185 3199 Rex
1200 3143 1291 3199 Atro·
1368 3176 1379 3193 =

232 3229 367 3298 patenes,
381 3229 464 3296 parte
477 3218 642 3297 praedarum
659 3218 713 3277 sibi
731 3219 831 3277 debita
849 3220 1014 3288 frustratae,
1029 3219 1066 3278 ad
1079 3220 1121 3281 M.
1134 3220 1295 3291 Antonium

213 3366 217 3376 Α
234 3298 354 3364 defecit,
364 3308 462 3375 spreto
473 3297 648 3358 Parthorum
657 3298 740 3375 Rege
748 3298 848 3375 gentis
857 3298 998 3376 ejusdem.
1032 3299 1175 3357 Armeniae
1185 3298 1293 3375 Reges,
1361 3338 1364 3343 -

234 3376 316 3434 etsie
325 3375 498 3435 Parthorum
510 3376 642 3455 Regibus
651 3387 796 3456 potestate
806 3376 939 3448 secundi,
951 3397 1008 3437 non
1021 3376 1114 3437 minus
1129 3397 1230 3438 eorum
1241 3378 1294 3436 de-

235 3637 269 3685 sic
279 3654 286 3683 r
304 3638 390 3686 Arraei
401 3640 465 3700 Regi
476 3646 546 3687 tcrroe
555 3647 578 3686 et
590 3640 670 3691 moris.
681 3618 832 3701 cujusfoimu
838 3647 905 3701 atquc
913 3642 991 3701 imago
999 3638 1090 3687 Diudm
1097 3646 1227 3686 nostrorum
1237 3624 1295 3681 imr-

231 3704 298 3761 ginie
308 3706 383 3751 iastor
393 3712 433 3751 ert.
444 3735 451 3750 .
462 3705 610 3751 Mutandum
619 3705 697 3749 minor
706 3705 787 3765 fream
798 3712 852 3751 tuas
867 3712 889 3752 et
903 3706 1036 3761 cornmitito,
1048 3706 1088 3765 qui
1099 3719 1114 3749 α
1125 3711 1146 3750 tc
1157 3704 1294 3749 constitutus

234 3766 354 3816 Aeaeum
365 3770 419 3817 Rex
429 3776 472 3817 ete.
504 3768 584 3816 Moses
594 3766 664 3815 Cher.
677 3770 701 3825 2,
715 3770 753 3815 lo.
764 3776 787 3814 et
799 3770 835 3815 18.
847 3784 876 3817 ex
887 3784 944 3817 vers.
959 3768 1117 3816 Whistonanr.

268 3829 298 3877 P.
309 3833 342 3879 R.
354 3834 450 3943 'mli
462 3832 562 3897 Jeseph.
573 3834 612 3886 2⁰.
624 3834 647 3879 3.

271 3895 423 4010 TenturuatL
450 3896 491 3943 lin.
503 3898 527 3956 6,
538 3899 571 3944 28
580 3898 645 3960 (32).

267 3962 382 4026 Evectus]
422 3961 498 4009 aciem
508 3960 533 4007 in
545 3960 648 4009 Macrob.
662 3960 677 4023 fi
691 3960 728 4007 id.

266 4027 409 4088 Inpositam]
427 4024 475 4072 Dio
489 4026 528 4079 68,
540 4026 580 4072 31.

266 4092 358 4152 Infecta
368 4090 472 4153 negotio]
490 4088 539 4137 Dio
550 4090 589 4144 75,
602 4091 638 4137 ll.
651 4103 698 4153 seq.
710 4088 838 4136 Herodian.
850 4088 875 4147 3,
887 4090 926 4136 28.
1046 4143 1052 4153 δ

270 4155 331 4203 Cam
342 4157 461 4202 Nonairto
471 4153 586 4218 emacuit]
604 4154 653 4201 lsta
662 4154 782 4201 nobiscum
792 4152 865 4201 arniee
874 4168 904 4201 ex
915 4155 1037 4201 Persarum
1047 4152 1201 4217 Arabumque
1209 4154 1298 4217 scriptis

236 4218 415 4267 communicavit
425 4219 467 4266 cel.
478 4218 586 4267 Silvestre
597 4218 625 4265 de
635 4219 702 4280 Saty.
1140 4236 1141 4241 ¹

272 4283 430 4330 Camertem.
443 4299 495 4345 sup.
506 4284 637 4346 Parthiam]
654 4282 763 4331 Justinus
774 4283 815 4340 38,
829 4284 866 4329 lt).

225 4342 232 4359 '
270 4336 432 4395 aetram
443 4349 537 4457 resecap
556 4347 619 4395 etur.
630 4362 652 4394 v.
663 4346 763 4393 Antonii
774 4362 793 4393 ο.
805 4346 877 4408 sap.
891 4347 945 4401 117.
957 4346 1004 4396 nio
1016 4348 1055 4406 aa,
1067 4349 1106 4395 aa.

275 4412 396 4459 Armeniae
407 4412 497 4474 Reges]
538 4412 589 4459 ecit.
604 4413 668 4457 Ann.
680 4413 705 4470 2,
717 4412 756 4457 56.

1488 4120 1493 4147 Ι
