3034 4967
267 174 302 232 16
507 170 613 230 JULll
634 170 772 230 noble.
792 170 899 229 VITA.
920 172 1004 231 CAP.
1032 178 1075 231 13.

262 331 345 395 clara
357 346 389 395 et
402 344 540 395 extrema
555 332 724 397 Britannias
743 347 832 421 parte
852 332 965 408 brevis,
981 348 1016 397 ut
1029 334 1120 397 linem
1135 346 1230 432 atque
1252 334 1310 397 ini-

264 416 342 479 tium
363 416 440 479 lueis
454 416 567 503 exiguo
581 416 756 481 discrimine
777 419 971 482 internosces.
1016 417 1142 494 “Quod
1164 439 1190 481 st
1211 418 1309 481 nubes

262 520 323 563 non
339 499 481 578 officiant,
497 501 552 564 ads
575 501 614 565 ici
627 523 682 587 per
696 516 816 567 noctem
832 502 912 567 Solis
925 500 1090 585 fulgorem,
1103 524 1158 565 nec
1170 502 1309 565 occidere

261 600 292 648 et
310 606 486 669 exsurgere,
511 609 542 649 se
586 586 731 649 transire”
753 586 925 651 adfirmant.
971 585 1093 649 Scilicet
1116 600 1310 650 extrema‘et

259 668 354 755 plana
368 682 530 744 terrarum,
546 669 658 733 humili
680 672 800 747 umbra,
816 692 878 735 non
894 671 1020 755 erigunt
1039 670 1191 747 tenebras,
1214 670 1309 733 infra·

259 774 322 837 que
336 752 448 815 coelum
464 765 495 816 et
509 754 609 817 sidera
623 777 685 817 nox
696 755 789 819 eadit.
835 755 954 829 Solum,
969 769 1081 839 praeter
1090 754 1188 819 oleam
1200 754 1309 817 vitem·

283 860 322 899 ue
343 852 374 900 et
392 848 492 900 cetera
505 838 702 903 calidioribus
717 840 807 903 terris
827 839 900 902 oriri
915 851 1014 915 sueta,
1031 839 1154 924 patiens
1166 839 1306 923 frugum,

259 860 444 985 decundum:
468 922 556 985 tarde
569 923 744 1001 mitescunt,
760 924 822 987 cito
842 922 1046 1010 proveniunt:
1070 923 1177 987 eadem
1194 924 1308 987 utrius-

259 1028 320 1090 que
334 1006 378 1069 rei
393 1028 509 1083 caussa,
531 1006 648 1071 multus
670 1008 783 1075 humor
798 1012 949 1071 terrarum
963 1006 1103 1093 coelique.
1150 1010 1227 1071 Fert
1240 1008 1309 1071 Bri-

258 1090 362 1153 tannia
377 1112 488 1153 aurum
503 1105 534 1153 et
548 1104 710 1177 argentum
727 1106 757 1155 et
776 1092 836 1155 alia
850 1090 982 1167 metalla,
1004 1092 1138 1176 pretium
1155 1092 1308 1156 victoriae:

255 1173 357 1320 ffignit
372 1188 403 1238 et
418 1175 560 1239 Oceanus
574 1177 750 1262 margarita,
835 1177 982 1240 subfusca
996 1198 1032 1238 ac
1053 1174 1188 1240 liventia.
1233 1176 1308 1253 Qui-

298 1273 441 1323 martem
456 1260 560 1322 abesse
575 1260 748 1345 legentibus
762 1261 970 1325 arbitrantur:
994 1282 1066 1323 nam
1080 1258 1113 1321 in
1124 1262 1221 1325 rubro
1229 1260 1307 1325 mari

258 1342 327 1406 viva
338 1366 373 1407 ac
384 1344 530 1429 spirantia
541 1345 621 1409 saxis
630 1344 737 1417 avelli;
755 1346 787 1408 in
800 1344 971 1418 Britannia,
987 1363 1082 1429 prout
1094 1345 1223 1430 expulsa
1235 1346 1306 1422 sint,

255 1427 386 1513 conligi:
410 1452 469 1525 ego
490 1428 610 1493 facilius
624 1428 818 1507 crediderim,
834 1444 976 1493 naturam
998 1428 1170 1513 margaritis
1190 1430 1305 1507 deesse,

208 1580 212 1587 ,
248 1534 352 1599 ·quam
366 1513 453 1576 nobrs
468 1512 637 1580 avaritiam.

209 1596 220 1611 ‘
299 1597 398 1662 XIII.
422 1598 486 1683 lpsi
503 1597 645 1661 Britanni
660 1596 815 1661 delectum
833 1622 870 1661 ac
891 1595 1060 1661 tributa'et
1080 1598 1221 1683 injuncta
1244 1598 1305 1661 lm-

255 1682 332 1767 perii
347 1704 475 1748 munera
497 1681 628 1767 impigre
649 1682 777 1758 obeunt,
800 1682 825 1744 si
846 1682 970 1767 injuriae
989 1682 1110 1745 absint:
1143 1683 1198 1745 has
1223 1704 1307 1768 tegre

248 1766 396 1844 tulerant,
410 1768 477 1852 jam
492 1765 612 1843 domiti,
630 1780 664 1829 ut
678 1781 818 1851 pareant,
838 1767 991 1844 nondum,
1007 1783 1044 1831 ut
1058 1767 1201 1830 serviant.
1245 1767 1308 1851 lgi-

254 1863 306 1914 tur
328 1852 447 1937 primus
469 1849 609 1913 omnium
634 1852 851 1914 Romanorum
877 1853 919 1916 D.
941 1851 1051 1915 Julius
1075 1873 1146 1914 eum
1169 1850 1306 1913 exercitu

254 1935 446 2001 Britanniam
469 1936 635 2019 ingressus,
655 1958 846 2021 quamquam
867 1957 1015 2020 prospera
1035 1956 1144 2021 pugna
1163 1936 1308 1998 terruerit

253 2020 378 2097 incolas,
393 2042 429 2083 ac
450 2018 540 2083 litore
553 2019 673 2104 potitus
687 2019 738 2097 sit,
750 2033 852 2104 potest
868 2018 964 2081 videri
984 2020 1151 2081 ostendisse
1165 2018 1305 2104 posteris,

252 2128 315 2169 uon
330 2103 500 2169 tradidisse.
546 2104 627 2165 Mox
649 2102 730 2165 bella
744 2102 856 2179 civilia,
872 2116 903 2164 et
916 2102 948 2165 in
965 2102 1203 2187 Rempublicam
1219 2125 1308 2166 versa

252 2188 350 2277 princi
373 2209 426 2249 um
449 2209 546 2262 arma,
566 2210 602 2249 ae
623 2186 717 2271 longa
738 2186 853 2251 oblivio
868 2186 1038 2249 Britanniae
1060 2186 1152 2249 etiam
1174 2187 1206 2251 in
1220 2209 1304 2273 pace.

178 2286 180 2290 ’
253 2210 425 2339 Consilium
450 2270 482 2333 id
507 2273 551 2335 D.
577 2270 743 2357 Augustus
768 2267 909 2349 vocabat,
935 2270 1081 2335 Tiberius
1105 2285 1305 2357 praeceptum.

252 2472 302 2535 rigo
320 2469 439 2529 transiens,
456 2469 520 2516 baud
540 2470 607 2519 dubie
623 2478 766 2533 reprensum.
795 2478 822 2517 ut
834 2469 901 2517 vultl
911 2470 964 2515 πάνυ
973 2468 1141 2531 (Boxhomius,
1147 2468 1189 2531 qui
1197 2474 1306 2515 usturam

254 2535 329 2583 lues·
762 2571 764 2574 .
795 2534 958 2597 interpretabar
968 2532 1015 2581 rim
1027 2533 1128 2591 insitam,
1139 2548 1164 2578 se
1174 2534 1261 2593 absque
1269 2546 1307 2577 ar-

285 2601 340 2647 Nsc
350 2598 461 2659 occidere]
480 2597 518 2645 sie
528 2596 613 2659 legitur
623 2613 636 2645 e
647 2597 765 2646 conectis·
796 2606 820 2645 te
837 2606 878 2646 sut
893 2597 1004 2645 induatis
1019 2597 1123 2643 humana
1137 2594 1266 2658 expellendi
1282 2594 1308 2641 in

253 2662 406 2711 nsRheuani.
425 2660 486 2707 Edd.
496 2670 549 2707 ante
556 2660 631 2709 Rhea.
640 2664 766 2709 concidere.
796 2660 862 2719 linas)
873 2661 912 2709 sed
927 2660 976 2708 hae
991 2675 1084 2723 quoque
1099 2658 1223 2711 venustius,
1235 2673 1306 2721 quam

255 2728 327 2775 Eun.
796 2725 879 2773 verius.
913 2724 1031 2778 Quosdam
1042 2723 1120 2771 scribit
1128 2733 1208 2769 auctor
1218 2731 1306 2785 putare,

285 2790 521 2854 Insraquccoelumet
531 2790 620 2863 sidera]
638 2789 662 2836 id
672 2796 706 2836 est
712 2790 767 2851 (pro
795 2802 843 2838 usu
854 2788 932 2837 omnis
942 2788 1073 2850 margarita,
1084 2802 1137 2850 quae
1146 2784 1222 2847 gignit
1232 2785 1307 2833 Ocea·

252 2855 327 2903 'Faciti
343 2854 423 2915 sensu)
438 2868 485 2899 nox
500 2852 534 2901 ibi
550 2852 652 2913 humilis,
670 2852 724 2915 quia
736 2854 768 2901 sb
796 2866 841 2900 nus
854 2852 1011 2909 Britannicus,
1023 2866 1070 2899 esse
1083 2848 1216 2896 naturaliter
1225 2849 1308 2896 sublu-

252 2918 341 2966 umbris
349 2926 398 2974 est3
415 2919 504 2965 umbre
514 2923 592 2963 autem
608 2931 654 2965 non
665 2916 712 2963 illic
723 2916 766 2963 eri-
796 2931 835 2965 scs
849 2925 873 2963 et
886 2915 992 2973 liventia,
1010 2914 1050 2961 sed
1065 2930 1099 2967 es,
1116 2928 1169 2975 quae
1184 2912 1254 2974 vulgo
1272 2911 1307 2959 le·

253 2991 354 3046 guntin:
374 2997 428 3044 ergo
443 2981 507 3042 longi
519 2980 576 3038 dies,
588 2990 609 3028 et
626 2995 710 3028 serenae
724 2994 766 3027 no-
793 2989 891 3041 guntur,
908 2980 964 3041 quia
979 2993 1025 3025 non
1041 2978 1149 3037 leguntur
1164 2985 1220 3033 arte,
1237 2984 1308 3039 atque

253 3056 307 3100 oter,
315 3046 421 3094 tesidere
431 3046 506 3093 lucem
518 3060 583 3091 suem
595 3052 707 3108 spargunt
716 3044 767 3091 sine
796 3044 834 3097 ita,
848 3053 875 3091 ut
890 3043 914 3089 in
930 3044 1000 3089 rubro
1011 3040 1069 3087 mari
1085 3056 1111 3086 ea
1122 3039 1202 3100 piscari
1213 3054 1307 3088 eonsue-

253 3111 377 3159 obstaculo.
410 3108 526 3156 Nosalias
537 3108 730 3167 caussasscimus,
743 3116 767 3155 et
796 3119 858 3167 runt,
870 3106 911 3154 ubi
921 3105 974 3153 riva
984 3114 1007 3152 et
1017 3103 1126 3167 spirantia
1135 3102 1196 3151 saxis
1206 3101 1308 3154 atellan-

253 3189 268 3221 a
279 3173 332 3221 solis
339 3188 414 3221 eursu.
437 3173 512 3219 Iura.
532 3171 595 3218 Aliis
605 3172 679 3219 uerbis
688 3170 766 3219 Taciti
797 3182 848 3219 tur:
861 3169 952 3235 quodsi
963 3169 1032 3216 etiam
1043 3164 1106 3231 apud
1116 3166 1224 3215 Britones
1236 3166 1308 3227 lieret,

254 3249 355 3285 mentem
369 3237 480 3299 expressit
494 3234 623 3283 Eumenius
642 3236 727 3285 Orator
747 3234 766 3282 l.
796 3235 910 3291 futurum,
929 3242 956 3279 ut
970 3233 1116 3294 illaquoque
1132 3229 1228 3278 candore
1245 3245 1307 3277 com-

253 3301 291 3349 eit.
315 3302 385 3349 Eun.
795 3298 973 3347 mandarentur:
997 3296 1038 3341 sed
1059 3295 1102 3341 bos
1118 3303 1209 3341 tantum
1232 3293 1309 3354 ὲκὲρα.

287 3362 766 3427 ramassrugam,ficunaum18cheffe.
798 3363 879 3409 astu
895 3360 919 3407 in
940 3360 996 3407 litus
1011 3357 1123 3419 colligere.
1166 3357 1203 3405 Sic
1219 3370 1308 3405 censere

253 3428 678 3491 rusproglossarepudiatseeunduna
704 3428 765 3473 Fru·
796 3425 857 3471 istos
891 3424 932 3481 At,
947 3422 967 3469 si
978 3421 1037 3470 nibil
1052 3420 1234 3477 obstaretaliud,
1247 3420 1308 3468 baud
1383 3433 1389 3437 ·

253 3501 311 3541 stra:
323 3506 369 3538 non
377 3492 445 3538 modo
451 3491 532 3553 accipit
539 3492 627 3539 cultum
635 3490 765 3549 Britannia,
795 3488 866 3535 dubie
881 3486 952 3535 nostri
967 3484 1151 3545 tioflt'Tucitus)
1166 3483 1305 3545 jamdudum

253 3556 293 3605 sed
310 3557 379 3603 etiem
396 3554 496 3617 copiosas
511 3555 588 3617 fruges
605 3555 685 3601 efferte
704 3553 766 3601 unde
796 3551 893 3599 widem
910 3550 1030 3607 rationem,
1050 3548 1138 3613 quain
1160 3550 1229 3595 rubro
1250 3547 1308 3595 mari

174 3641 176 3645 ’
253 3619 376 3669 Britannia
386 3618 444 3667 cella
454 3618 547 3681 penaria
557 3617 701 3667 occidentalis
717 3616 767 3663 Im·
796 3625 902 3672 utuntur,
922 3614 946 3660 'ut
963 3613 1097 3661 Britannico
1113 3612 1160 3659 salo
1176 3619 1306 3659 &numme

252 3685 317 3747 perii,
329 3693 356 3731 ut
371 3685 429 3731 bene
439 3698 451 3729 e
462 3683 555 3731 Zosimo
565 3684 590 3741 3,
602 3686 623 3729 5.
636 3682 701 3729 docet
713 3680 767 3728 Vir·
797 3678 868 3736 Quod
879 3677 934 3741 quia
945 3692 990 3725 nou
1002 3677 1109 3729 fecerunt,
1121 3684 1209 3723 eertum
1223 3674 1306 3728 babeo,

252 3748 352 3812 dungus.
387 3746 459 3795 Eas.
796 3738 1306 3789 nihilineoedhancremesaeemolumen·

284 3815 317 3859 In
334 3812 404 3859 rubro
421 3814 496 3876 mari]
514 3811 617 3860 caveam
633 3810 724 3867 tirones,
736 3822 766 3854 ne
795 3805 822 3857 ti.
833 3814 856 3853 et
866 3806 943 3868 potius
953 3820 1030 3854 rerum
1044 3814 1150 3851 naturam
1161 3816 1207 3849 non
1218 3801 1307 3848 dedisse

253 3875 330 3923 sinum
340 3876 476 3935 Arabicum,
487 3890 558 3939 quem
566 3873 706 3922 cousuetudo
713 3871 765 3918 vul-
797 3869 930 3918 Britannico
939 3869 1002 3916 litori
1008 3868 1091 3915 nitores
1100 3866 1187 3913 Indicis
1198 3864 1306 3929 aquales,

252 3940 313 4003 garis
329 3940 396 3988 hodie
411 3942 509 3987 rubrum
525 3953 588 3985 marc
604 3936 713 3999 appellat,
729 3936 766 3981 in·
796 3949 867 3996 quam
894 3943 995 3981 nuaram
1024 3932 1142 3988 avaritiam
1169 3938 1307 3977 cessaturam

253 4004 365 4067 telligent.
390 4002 510 4051 Oooenum
522 3999 630 4048 Indicum
640 4008 766 4047 vetusoun-
796 3996 874 4055 fuisse,
886 3997 910 4043 iu
927 3996 973 4043 illis
989 3996 1078 4043 ririset
1093 3992 1306 4057 spiranubusarel·

253 4068 350 4117 suetudo
367 4067 399 4117 sic
415 4077 486 4115 vocnt
520 4064 582 4113 Mox
598 4064 694 4126 aspersa
709 4066 766 4123 alut,
796 4060 1026 4121 lerdis,sidedisset.
1058 4058 1149 4105 Gsou.

253 4132 363 4195 intellige,
369 4132 489 4193 fluctibus.
521 4126 591 4177 Ean.
834 4127 941 4173 Tiberius
951 4124 1082 4186 proeclprw]
1106 4120 1179 4168 Valde
1190 4118 1309 4165 blanditur

286 4200 403 4247 Naturam
415 4194 553 4254 margaritis
563 4194 652 4257 doecre]
665 4191 768 4251 Vellem,
797 4188 971 4243 mihioorrectim
982 4189 1242 4248 lecrlurproecrptum·
1256 4181 1309 4229 Huc
