3034 4967
265 218 303 300 νο·
626 230 680 289 on
701 228 982 291 oanromnus

269 373 386 475 dacius,
416 373 503 491 quod
531 375 732 479 malignitatis
759 383 937 491 opinionem
954 406 1024 457 ‘non
1053 389 1221 471 verebaris,
1248 416 1322 459 cum

268 505 336 548 earn
363 480 504 568 gloriam,
534 488 629 564 quam
659 478 715 543 tibi
749 477 800 541 ahi
829 474 1013 559 concedunt,
1049 479 1114 565 ipse
1143 477 1200 541 tibi
1228 478 1324 544 dene-

294 590 368 633 ares.

272 590 294 655 g
314 654 425 737 Neque
438 646 532 727 illius,
551 648 663 733 inquit,
686 646 834 711 sermonis
852 647 913 711 mei
931 648 1147 734 poenitentiam
1167 670 1246 735 ago;
1270 670 1325 713 ne-

272 736 333 823 q'ue
359 745 415 799 aut
445 731 633 810 Secundum,
662 742 717 795 aut
743 734 936 811 Maternum,
966 746 1021 797 sut
1047 733 1191 820 teipsum,
1220 733 1322 819 Aper,

274 824 481 907 (quamquam
498 816 654 881 interdurn
673 818 705 879 in
726 817 914 881 contrarium
933 817 1085 905 disputes)
1107 818 1196 883 aliter
1212 818 1325 883 sentire

270 901 373 971 oredo.
416 903 467 968 Ac
488 902 581 966 velim
600 903 790 989 inpetratum
804 903 844 966 ab
867 902 972 990 aliquo
985 915 1134 982 vestrum,
1152 916 1189 967 ut
1201 924 1325 967 caussas

271 988 370 1077 hujus
388 988 517 1052 infinitae
531 982 714 1051 differentiae
734 1000 888 1051 scrutetur
908 1012 945 1052 ac
965 988 1086 1067 reddat,
1101 1003 1181 1075 quas
1200 1008 1323 1051 mecum

271 1076 338 1163 ipse
357 1074 540 1161 plerumque
553 1072 710 1160 conquiro.
756 1072 813 1151 Et,
832 1073 919 1170 quod
932 1072 1119 1159 quibusdam
1138 1073 1246 1137 solatio
1263 1082 1322 1149 est,

270 1159 348 1224 mihi
367 1171 461 1245 auget
505 1157 695 1235 uaestionem,
718 1156 793 1243 quia
816 1156 906 1223 video
925 1159 1018 1223 etiam
1044 1158 1148 1222 Graiis
1168 1154 1323 1233 accidisse,

271 1258 309 1309 ut
327 1244 451 1331 longius
471 1183 552 1307 airsit
571 1241 721 1305 AEschine
742 1255 774 1306 et
794 1242 1005 1308 Demosthene
1025 1241 1175 1327 Sacerdos
1195 1242 1252 1304 iste
1266 1240 1324 1303 Ni-

273 1328 364 1406 c'etes,
389 1341 421 1391 et
449 1327 474 1391 si
496 1327 566 1413 quis
587 1326 665 1390 alius
695 1326 860 1412 Ephesum
885 1327 935 1391 vel
963 1326 1133 1414 Mitylenae
1146 1336 1324 1411 ‘eontentus

272 1409 521 1477 scholasticorum
542 1410 727 1475 clamoribus
748 1411 861 1497 quatit,
883 1435 979 1496 quam
1000 1413 1092 1490 Afer,
1119 1424 1175 1476 aut
1198 1408 1325 1474 Africa·

272 1520 341 1576 nus,
357 1512 412 1565 aut
425 1520 480 1561 vos
492 1497 552 1583 ipsi
566 1520 585 1561 a
600 1496 748 1561 Cicerone
763 1507 818 1560 aut
832 1494 946 1560 Asinio
958 1497 1130 1561 recessistis.

316 1582 412 1649 XVI.
427 1584 590 1681 Magnam,
605 1580 707 1667 inquit
719 1580 892 1659 Secundus,
906 1594 938 1645 et
952 1581 1079 1667 dignam
1094 1590 1227 1645 tractatu
1237 1600 1325 1663 quae„

272 1668 402 1733 stionem
415 1667 554 1731 moulsti:
580 1667 634 1731 sed
670 1665 717 1729 uis
731 1688 800 1728 eam
809 1666 927 1751 justius
941 1665 1149 1753 explicaverit,
1164 1683 1260 1750 quam
1275 1677 1323 1741 tu,

271 1749 312 1817 ad
326 1754 418 1839 cujus
432 1774 585 1817 summam
599 1690 802 1814 erdilitionem
817 1759 848 1813 et
861 1751 1150 1837 praestantissimum
1163 1746 1325 1835 ingenium

273 1850 348 1902 cura
385 1840 487 1923 uoque
501 1851 535 1902 et
548 1834 707 1900 meditatio
719 1834 867 1899 accessit?
1055 1897 1057 1908 ,

314 1862 520 1999 Ethtessala,
535 1919 697 2007 Aperiam‚
716 1918 830 2005 inquit,
852 1921 1052 2009 cogitationes
1066 1944 1159 2000 meas,
1173 1924 1199 1986 si
1212 1923 1291 1989 illud
1304 1948 1325 1988 a

273 2007 361 2072 vobis
375 2018 446 2091 ante
467 2008 673 2092 inpetravero,
695 2011 732 2068 'ut
749 2027 805 2069 vos
824 2029 951 2091 quoque
972 2028 1142 2071 sermonem
1162 2006 1247 2072 hunc
1267 2031 1325 2073 no-

274 2108 372 2157 strum
387 2091 549 2177 adjuvetis.
631 2111 635 2118 ·

315 2178 380 2241 Pro
398 2174 535 2251 duobus,
555 2174 658 2261 inquit
678 2175 856 2252 Maternus,
878 2174 1046 2261 promitto:
1069 2194 1141 2236 nam
1162 2191 1195 2237 et
1213 2200 1274 2264 ego
1292 2189 1325 2243 et

276 2259 438 2325 Secundus
459 2280 664 2345 exsequemur
707 2268 799 2335 artes,
820 2281 899 2343 quas
923 2257 1173 2330 intellexerimus,
1202 2270 1234 2323 te
1260 2284 1325 2325 non

273 2361 338 2418 tarn
363 2343 509 2427 omisisse,
532 2366 628 2430 quarn
644 2280 732 2408 nohis
751 2342 919 2428 reliquisse.
972 2344 1100 2429 Aprum
1121 2343 1203 2431 enim
1227 2345 1326 2411 solere

272 2428 445 2507 dissentire,
462 2441 493 2492 et
507 2442 543 2493 tu
564 2429 670 2515 paullo
692 2442 763 2491 ante
777 2426 894 2505 dixisti,
908 2439 940 2491 et
958 2426 1024 2512 ipse
1038 2427 1111 2490 satis
1130 2428 1324 2508 manifestus,

272 2513 463 2599 jamdudum
476 2514 508 2576 in
523 2514 712 2577 contrarium
733 2511 862 2597 accingi,
884 2533 941 2575 nec
960 2534 1053 2596 aequo
1066 2511 1170 2577 animo
1190 2516 1328 2601 perferre

272 2600 353 2664 hanc
366 2610 503 2662 nostram
516 2620 575 2684 pro
588 2598 651 2661 anti
674 2617 787 2659 uorum
800 2595 894 2660 laude
908 2595 1111 2660 concordiam.

316 2681 389 2747 Non
412 2684 504 2761 enim,
526 2682 628 2766 inquit
680 2702 746 2765 per,
766 2679 942 2744 inauditum
961 2697 994 2745 et
1014 2681 1209 2748 indefensum
1230 2705 1326 2749 soecu·

273 2768 340 2832 lum
354 2780 494 2836 nostrum
508 2768 610 2852 patiar
628 2765 685 2829 hac
704 2770 807 2829 'vestra
824 2765 1048 2852 conspiratione
1068 2768 1218 2833 damnari.
1262 2769 1326 2835 sed

273 2854 331 2917 hoc
350 2853 486 2939 primum
505 2850 713 2935 interrogab0,
734 2872 813 2935 quos
830 2851 945 2914 vocetis
963 2853 1118 2938 antiquos,
1142 2877 1237 2939 quam
1257 2876 1326 2917 ora-

273 2948 377 3003 torum
405 2949 528 3000 aetatem
558 2934 730 3021 signatione
757 2934 817 2999 ista
844 2933 1079 3001 determinetis?
1141 2942 1215 3024 Ego
1242 2939 1326 3003 euim

273 3124 326 3173 lius.
354 3122 629 3189 Lipsiusbenpcorrexit.
662 3124 708 3171 Pro
716 3123 785 3169 molt.
818 3119 1110 3189 SeneoapaterCont.9,2.
1144 3126 1328 3174 NecJalionee

268 3187 392 3249 gntnshir
403 3188 440 3235 vel
451 3190 551 3250 maligni
567 3191 593 3235 in
609 3191 647 3249 its,
663 3188 715 3249 lego
731 3200 785 3233 cum
816 3190 860 3233 otti
875 3192 1000 3251 contigisse
1013 3203 1054 3237 sao
1069 3189 1179 3250 (scribmn
1191 3205 1232 3237 nee
1251 3192 1326 3246 Vibio,

273 3250 323 3297 viro
334 3252 400 3299 ducto
410 3255 575 3313 malignitates,
586 3260 613 3299 ut
624 3267 643 3299 c.
657 3252 694 3299 18.
817 3263 858 3298 nec
865 3254 907 3299 alii
913 3255 1037 3314 contigisse
1044 3256 1100 3313 seio)
1112 3270 1180 3316 quom
1187 3256 1251 3315 opud
1258 3257 1327 3303 θνα-

306 3316 392 3361 Solatia
402 3316 447 3379 est]
459 3316 581 3363 Acidalius
588 3316 714 3377 corrigebat
724 3316 785 3361 sola·
817 3330 854 3363 eos
865 3318 967 3376 Nicetae,
978 3320 1042 3379 apud
1051 3319 1169 3368 Rornanoa
1179 3320 1288 3377 Latroni,
1298 3325 1327 3364 at

275 3378 554 3439 tl031ecepitBroterius.
575 3379 646 3426 Eun.
670 3378 786 3442 Necopus
817 3381 1272 3443 odtscipalisnonoada'ridmtdcrarent.
1292 3380 1327 3428 Et

273 3449 359 3487 tamen
393 3440 521 3503 Vulgatum
532 3442 679 3491 benehabet.
817 3444 897 3492 'eodem
913 3443 955 3491 lib.
971 3444 1096 3492 Contult.
1121 3448 1220 3495 Nicetes
1234 3446 1329 3507 egregie

242 3532 245 3535 -
310 3506 343 3552 Ut
358 3505 450 3563 longius
460 3508 520 3553 obsit
531 3508 653 3554 AEsehines
663 3514 686 3555 et
698 3509 785 3555 Dento-
817 3510 1068 3556 dintttneodemloeo.
1101 3509 1178 3559 lars.

274 3569 363 3621 athenea
387 3570 496 3619 Sacerdos
515 3573 558 3617 iste
574 3569 655 3633 enitet]
680 3571 741 3618 Vere
763 3580 786 3619 et
852 3573 971 3621 Consentis
981 3574 1168 3623 senoostnoram
1177 3572 1327 3637 elamoribus}

188 3646 191 3653 ·
275 3632 387 3695 εὐστόχως
395 3633 522 3693 emendavi,
543 3636 703 3683 Sacerdostste
712 3637 786 3683 Nece·
821 3636 945 3684 Continuis
959 3639 1027 3684 schol.
1048 3640 1115 3685 elom.
1132 3638 1189 3701 legit
1206 3637 1330 3686 Freinshe-

275 3703 315 3745 tes.
338 3694 431 3744 Nicetes
442 3698 786 3751 Sacerdosdeelamatornobilis
817 3700 887 3749 mius.
928 3700 1023 3763 Lipsius
1039 3702 1075 3749 ed.
1091 3711 1114 3749 et
1130 3716 1181 3765 sqq.
1202 3708 1329 3749 metentem

274 3760 365 3808 coaevo.
398 3760 489 3809 Plinius
500 3762 547 3825 Ep.
560 3765 584 3820 6,
596 3765 619 3811 6.
631 3764 721 3812 audisse
730 3778 786 3811 eum
817 3763 888 3811 Ean.
929 3763 1036 3812 Restituo
1056 3765 1181 3827 pristinum
1203 3772 1328 3813 cannones.

274 3824 368 3875 fatetur.
395 3824 785 3885 Eratnonstndtosoranntontam,
818 3826 1096 3891 SicetBipetSchulze.
1119 3828 1329 3885 Quateredet'ama

275 3902 358 3936 ceram
371 3889 442 3936 etiarn
456 3892 587 3938 mediarana
602 3895 785 3950 omonzttsshnaa,
818 3891 952 3950 blaterante,
972 3893 1073 3953 garrula,
1091 3894 1164 3958 poetis
1180 3894 1278 3941 solenne.
1295 3890 1330 3941 V.

275 3966 303 4012 ae
314 3966 388 4015 prope
407 3955 508 4014 quotidie
529 3958 560 4003 od
578 3958 712 4013 audiendos,
731 3954 787 4016 patos
816 3955 899 4003 vuer.
910 3956 1102 4015 Flaccuszlw.
1133 3956 1329 4007 Transferturhi'c

275 4016 563 4078 tancegosreqnentdham,
572 4020 786 4077 Quinctilianunnet
815 4018 847 4065 ad
858 4020 968 4068 clammes
979 4021 1140 4085 sophistarum.

274 4078 419 4151 Saqerdotem
427 4082 680 4132 Nicetenarientttotat.
700 4080 785 4130 Exstat
816 4137 818 4143 y
852 4084 928 4137 Quam
945 4086 1007 4147 Afer
1023 4088 1078 4149 aot]
1096 4081 1128 4133 V.
1145 4084 1229 4144 Quint.
1246 4082 1287 4141 lo,
1304 4086 1328 4145 l,

274 4132 408 4201 i'hrlostrati
430 4144 524 4193 Lemnii
543 4147 572 4195 de
592 4148 636 4195 hoc
652 4146 734 4194 Nioete
758 4146 784 4194 in
815 4147 871 4195 118.
895 4147 1329 4199 DeAaiaioPollioneib.113.etsu-

273 4202 336 4271 Vitis
352 4205 512 4267 sophistarum
531 4213 553 4267 1,
571 4214 608 4260 19.
626 4210 736 4272 elogium,
754 4210 783 4257 de
815 4222 886 4275 praa
901 4215 939 4261 12.
1318 4210 1321 4213 ⁴

273 4268 435 4331 quoPithoeus
448 4286 489 4321 nos
506 4275 603 4323 monuit.
636 4273 749 4323 Nominat
760 4283 783 4323 et
856 4278 1033 4343 Significatione
1058 4280 1104 4327 isto
1131 4278 1327 4342 determinem]
