<?xml version="1.0" encoding="UTF-8"?>
<!DOCTYPE html PUBLIC "-//W3C//DTD XHTML 1.0 Transitional//EN"
    "http://www.w3.org/TR/xhtml1/DTD/xhtml1-transitional.dtd">
<html xmlns="http://www.w3.org/1999/xhtml" xml:lang="en" lang="en">
 <head>
  <title>
</title>
<meta http-equiv="Content-Type" content="text/html;charset=utf-8" />
  <meta name='ocr-system' content='tesseract 3.04.00' />
  <meta name='ocr-capabilities' content='ocr_page ocr_carea ocr_par ocr_line ocrx_word'/>
</head>
<body>
  <div class='ocr_page' id='page_1' title='image "./ccorneliitaciti02grongoog_0047.png"; bbox 0 0 3034 4967; ppageno 0'>
   <div class='ocr_carea' id='block_1_1' title="bbox 453 209 1256 273">
    <p class='ocr_par' dir='ltr' id='par_1_1' title="bbox 453 209 1256 273">
     <span class='ocr_line' id='line_1_1' title="bbox 453 209 1256 273; baseline -0.004 -1"><span class='ocrx_word' id='word_1_1' title='bbox 453 213 558 273; x_wconf 80' lang='lat' dir='ltr'>JULII</span> <span class='ocrx_word' id='word_1_2' title='bbox 579 209 845 271; x_wconf 63' lang='lat' dir='ltr'>scatentia</span> <span class='ocrx_word' id='word_1_3' title='bbox 865 210 951 271; x_wconf 80' lang='lat' dir='ltr'>CAP.</span> <span class='ocrx_word' id='word_1_4' title='bbox 963 214 1014 273; x_wconf 78' lang='grc'>38.</span> <span class='ocrx_word' id='word_1_5' title='bbox 1219 215 1256 269; x_wconf 80' lang='lat' dir='ltr'>rt</span> 
     </span>
    </p>
   </div>
   <div class='ocr_carea' id='block_1_2' title="bbox 171 372 1278 3093">
    <p class='ocr_par' dir='ltr' id='par_1_2' title="bbox 171 372 1278 3093">
     <span class='ocr_line' id='line_1_2' title="bbox 205 372 1261 465; baseline -0.007 -20"><span class='ocrx_word' id='word_1_6' title='bbox 205 379 320 445; x_wconf 85' lang='lat' dir='ltr'>oblatis</span> <span class='ocrx_word' id='word_1_7' title='bbox 345 376 423 457; x_wconf 87' lang='lat' dir='ltr'>aliis,</span> <span class='ocrx_word' id='word_1_8' title='bbox 446 375 612 441; x_wconf 77' lang='lat' dir='ltr'>trucidare.</span> <span class='ocrx_word' id='word_1_9' title='bbox 660 376 735 439; x_wconf 84' lang='lat' dir='ltr'>Jam</span> <span class='ocrx_word' id='word_1_10' title='bbox 756 372 903 450; x_wconf 75' lang='lat' dir='ltr'>bostium</span> <span class='ocrx_word' id='word_1_11' title='bbox 923 386 1020 465; x_wconf 87' lang='lat' dir='ltr'>prout</span> <span class='ocrx_word' id='word_1_12' title='bbox 1039 373 1261 460; x_wconf 71' lang='lat' dir='ltr'>cuique&#39;inge·</span> 
     </span>
     <span class='ocr_line' id='line_1_3' title="bbox 208 456 1259 545; baseline -0.007 -14"><span class='ocrx_word' id='word_1_13' title='bbox 208 466 297 531; x_wconf 84' lang='lat' dir='ltr'>nium</span> <span class='ocrx_word' id='word_1_14' title='bbox 318 474 394 541; x_wconf 88' lang='lat' dir='ltr'>erat,</span> <span class='ocrx_word' id='word_1_15' title='bbox 415 473 547 527; x_wconf 86' lang='lat' dir='ltr'>catervae</span> <span class='ocrx_word' id='word_1_16' title='bbox 567 470 758 526; x_wconf 68' lang='lat' dir='ltr'>aenatorum</span> <span class='ocrx_word' id='word_1_17' title='bbox 776 456 976 544; x_wconf 69' lang='lat' dir='ltr'><strong>paucioribus</strong></span> <span class='ocrx_word' id='word_1_18' title='bbox 994 470 1084 545; x_wconf 86' lang='lat' dir='ltr'>terga</span> <span class='ocrx_word' id='word_1_19' title='bbox 1101 473 1259 545; x_wconf 55' lang='lat' dir='ltr'>praeatum</span> 
     </span>
     <span class='ocr_line' id='line_1_4' title="bbox 209 542 1262 635; baseline -0.006 -22"><span class='ocrx_word' id='word_1_20' title='bbox 209 549 339 635; x_wconf 88' lang='lat' dir='ltr'>quidam</span> <span class='ocrx_word' id='word_1_21' title='bbox 352 548 484 613; x_wconf 87' lang='lat' dir='ltr'>inermes</span> <span class='ocrx_word' id='word_1_22' title='bbox 498 544 581 609; x_wconf 88' lang='lat' dir='ltr'>ultro</span> <span class='ocrx_word' id='word_1_23' title='bbox 595 567 696 624; x_wconf 85' lang='lat' dir='ltr'>ruere,</span> <span class='ocrx_word' id='word_1_24' title='bbox 710 568 747 610; x_wconf 90' lang='lat' dir='ltr'>ae</span> <span class='ocrx_word' id='word_1_25' title='bbox 761 568 794 609; x_wconf 88' lang='lat' dir='ltr'>se</span> <span class='ocrx_word' id='word_1_26' title='bbox 807 542 901 607; x_wconf 86' lang='lat' dir='ltr'>morti</span> <span class='ocrx_word' id='word_1_27' title='bbox 913 542 1035 608; x_wconf 85' lang='lat' dir='ltr'>offerre.</span> <span class='ocrx_word' id='word_1_28' title='bbox 1079 544 1199 608; x_wconf 86' lang='lat' dir='ltr'>Passim</span> <span class='ocrx_word' id='word_1_29' title='bbox 1214 564 1262 607; x_wconf 88' lang='lat' dir='ltr'>ar-</span> 
     </span>
     <span class='ocr_line' id='line_1_5' title="bbox 209 627 1264 729; baseline -0.006 -32"><span class='ocrx_word' id='word_1_30' title='bbox 209 658 261 697; x_wconf 90' lang='lat' dir='ltr'>ma</span> <span class='ocrx_word' id='word_1_31' title='bbox 271 647 305 698; x_wconf 87' lang='lat' dir='ltr'>et</span> <span class='ocrx_word' id='word_1_32' title='bbox 318 654 449 729; x_wconf 83' lang='lat' dir='ltr'>corpora</span> <span class='ocrx_word' id='word_1_33' title='bbox 462 644 494 695; x_wconf 88' lang='lat' dir='ltr'>et</span> <span class='ocrx_word' id='word_1_34' title='bbox 507 629 599 695; x_wconf 85' lang='lat' dir='ltr'>laceri</span> <span class='ocrx_word' id='word_1_35' title='bbox 612 644 699 694; x_wconf 88' lang='lat' dir='ltr'>artus</span> <span class='ocrx_word' id='word_1_36' title='bbox 712 644 744 695; x_wconf 89' lang='lat' dir='ltr'>et</span> <span class='ocrx_word' id='word_1_37' title='bbox 757 642 887 694; x_wconf 88' lang='lat' dir='ltr'>cruenta</span> <span class='ocrx_word' id='word_1_38' title='bbox 899 628 1034 692; x_wconf 83' lang='lat' dir='ltr'>liumus:</span> <span class='ocrx_word' id='word_1_39' title='bbox 1052 642 1085 693; x_wconf 88' lang='lat' dir='ltr'>et</span> <span class='ocrx_word' id='word_1_40' title='bbox 1094 627 1264 715; x_wconf 83' lang='lat' dir='ltr'>aliquando</span> 
     </span>
     <span class='ocr_line' id='line_1_6' title="bbox 209 712 1263 813; baseline -0.007 -30"><span class='ocrx_word' id='word_1_41' title='bbox 209 719 303 783; x_wconf 89' lang='lat' dir='ltr'>etiam</span> <span class='ocrx_word' id='word_1_42' title='bbox 318 717 406 783; x_wconf 83' lang='lat' dir='ltr'>victis</span> <span class='ocrx_word' id='word_1_43' title='bbox 419 717 465 781; x_wconf 87' lang='lat' dir='ltr'>ira</span> <span class='ocrx_word' id='word_1_44' title='bbox 478 715 657 801; x_wconf 89' lang='lat' dir='ltr'>virtusque:</span> <span class='ocrx_word' id='word_1_45' title='bbox 680 730 847 801; x_wconf 89' lang='lat' dir='ltr'>postquam</span> <span class='ocrx_word' id='word_1_46' title='bbox 862 712 946 776; x_wconf 86' lang='lat' dir='ltr'>silvis</span> <span class='ocrx_word' id='word_1_47' title='bbox 959 712 1263 813; x_wconf 87' lang='lat' dir='ltr'>adpropinquarunt,</span> 
     </span>
     <span class='ocr_line' id='line_1_7' title="bbox 210 797 1264 889; baseline -0.009 -21"><span class='ocrx_word' id='word_1_48' title='bbox 210 804 350 881; x_wconf 79' lang='lat' dir='ltr'>conlecti,</span> <span class='ocrx_word' id='word_1_49' title='bbox 375 802 493 889; x_wconf 82' lang='lat' dir='ltr'>primos</span> <span class='ocrx_word' id='word_1_50' title='bbox 516 798 722 887; x_wconf 87' lang='lat' dir='ltr'>sequentium,</span> <span class='ocrx_word' id='word_1_51' title='bbox 747 800 890 863; x_wconf 64' lang='lat' dir='ltr'>insutos</span> <span class='ocrx_word' id='word_1_52' title='bbox 910 811 943 862; x_wconf 87' lang='lat' dir='ltr'>et</span> <span class='ocrx_word' id='word_1_53' title='bbox 963 797 1104 861; x_wconf 88' lang='lat' dir='ltr'>locorum</span> <span class='ocrx_word' id='word_1_54' title='bbox 1127 818 1264 884; x_wconf 77' lang='lat' dir='ltr'>ignaros,</span> 
     </span>
     <span class='ocr_line' id='line_1_8' title="bbox 210 881 1266 982; baseline -0.006 -29"><span class='ocrx_word' id='word_1_55' title='bbox 210 888 501 953; x_wconf 75' lang='lat' dir='ltr'>circumveniebant.</span> <span class='ocrx_word' id='word_1_56' title='bbox 547 884 640 963; x_wconf 84' lang='lat' dir='ltr'>Quod</span> <span class='ocrx_word' id='word_1_57' title='bbox 650 884 683 947; x_wconf 88' lang='lat' dir='ltr'>ni</span> <span class='ocrx_word' id='word_1_58' title='bbox 694 884 843 982; x_wconf 80' lang='lat' dir='ltr'><strong>frequens</strong></span> <span class='ocrx_word' id='word_1_59' title='bbox 853 882 973 969; x_wconf 89' lang='lat' dir='ltr'>ubique</span> <span class='ocrx_word' id='word_1_60' title='bbox 987 881 1137 980; x_wconf 78' lang='lat' dir='ltr'>Agricola</span> <span class='ocrx_word' id='word_1_61' title='bbox 1147 882 1266 947; x_wconf 81' lang='lat' dir='ltr'>validas</span> 
     </span>
     <span class='ocr_line' id='line_1_9' title="bbox 210 967 1267 1059; baseline -0.004 -22"><span class='ocrx_word' id='word_1_62' title='bbox 210 988 242 1037; x_wconf 88' lang='lat' dir='ltr'>et</span> <span class='ocrx_word' id='word_1_63' title='bbox 267 974 428 1059; x_wconf 85' lang='lat' dir='ltr'>expeditas</span> <span class='ocrx_word' id='word_1_64' title='bbox 450 970 602 1049; x_wconf 85' lang='lat' dir='ltr'>cohortes,</span> <span class='ocrx_word' id='word_1_65' title='bbox 631 969 788 1056; x_wconf 84' lang='lat' dir='ltr'>indaginis</span> <span class='ocrx_word' id='word_1_66' title='bbox 810 967 916 1047; x_wconf 90' lang='lat' dir='ltr'>modo,</span> <span class='ocrx_word' id='word_1_67' title='bbox 945 979 988 1046; x_wconf 89' lang='lat' dir='ltr'>et,</span> <span class='ocrx_word' id='word_1_68' title='bbox 1016 968 1114 1032; x_wconf 80' lang='lat' dir='ltr'>sicubi</span> <span class='ocrx_word' id='word_1_69' title='bbox 1134 968 1267 1033; x_wconf 85' lang='lat' dir='ltr'>arctiora</span> 
     </span>
     <span class='ocr_line' id='line_1_10' title="bbox 211 1051 1268 1144; baseline -0.004 -23"><span class='ocrx_word' id='word_1_70' title='bbox 211 1074 308 1135; x_wconf 84' lang='lat' dir='ltr'>erant,</span> <span class='ocrx_word' id='word_1_71' title='bbox 324 1071 444 1144; x_wconf 88' lang='lat' dir='ltr'>partem</span> <span class='ocrx_word' id='word_1_72' title='bbox 458 1056 610 1141; x_wconf 91' lang='lat' dir='ltr'>equitum,</span> <span class='ocrx_word' id='word_1_73' title='bbox 635 1054 769 1125; x_wconf 83' lang='lat' dir='ltr'>dimissis</span> <span class='ocrx_word' id='word_1_74' title='bbox 791 1053 890 1141; x_wconf 65' lang='lat' dir='ltr'>aquia</span> <span class='ocrx_word' id='word_1_75' title='bbox 914 1052 1008 1117; x_wconf 73' lang='lat' dir='ltr'>dmul</span> <span class='ocrx_word' id='word_1_76' title='bbox 1029 1052 1159 1117; x_wconf 84' lang='lat' dir='ltr'>rariores</span> <span class='ocrx_word' id='word_1_77' title='bbox 1175 1051 1268 1117; x_wconf 85' lang='lat' dir='ltr'>silvas</span> 
     </span>
     <span class='ocr_line' id='line_1_11' title="bbox 211 1137 1269 1242; baseline -0.004 -37"><span class='ocrx_word' id='word_1_78' title='bbox 211 1143 348 1242; x_wconf 76' lang='lat' dir='ltr'>equitem</span> <span class='ocrx_word' id='word_1_79' title='bbox 373 1140 544 1227; x_wconf 83' lang='lat' dir='ltr'>persultare</span> <span class='ocrx_word' id='word_1_80' title='bbox 566 1140 719 1226; x_wconf 84' lang='lat' dir='ltr'>jussisset,</span> <span class='ocrx_word' id='word_1_81' title='bbox 742 1152 904 1226; x_wconf 82' lang='lat' dir='ltr'>acceptum</span> <span class='ocrx_word' id='word_1_82' title='bbox 927 1137 1057 1225; x_wconf 79' lang='lat' dir='ltr'>aliquod</span> <span class='ocrx_word' id='word_1_83' title='bbox 1078 1138 1193 1202; x_wconf 85' lang='lat' dir='ltr'>vulnus</span> <span class='ocrx_word' id='word_1_84' title='bbox 1210 1160 1269 1224; x_wconf 87' lang='lat' dir='ltr'>per</span> 
     </span>
     <span class='ocr_line' id='line_1_12' title="bbox 211 1222 1269 1310; baseline -0.003 -20"><span class='ocrx_word' id='word_1_85' title='bbox 211 1228 338 1291; x_wconf 90' lang='lat' dir='ltr'>mmiam</span> <span class='ocrx_word' id='word_1_86' title='bbox 360 1226 506 1291; x_wconf 86' lang='lat' dir='ltr'>fiduciam</span> <span class='ocrx_word' id='word_1_87' title='bbox 526 1226 617 1289; x_wconf 81' lang='lat' dir='ltr'>foret.</span> <span class='ocrx_word' id='word_1_88' title='bbox 662 1227 824 1303; x_wconf 87' lang='lat' dir='ltr'>Ceterum,</span> <span class='ocrx_word' id='word_1_89' title='bbox 837 1224 896 1289; x_wconf 89' lang='lat' dir='ltr'>ubi</span> <span class='ocrx_word' id='word_1_90' title='bbox 909 1223 1097 1310; x_wconf 88' lang='lat' dir='ltr'>compositos</span> <span class='ocrx_word' id='word_1_91' title='bbox 1109 1222 1206 1287; x_wconf 86' lang='lat' dir='ltr'>firmis</span> <span class='ocrx_word' id='word_1_92' title='bbox 1219 1246 1269 1287; x_wconf 91' lang='lat' dir='ltr'>or-</span> 
     </span>
     <span class='ocr_line' id='line_1_13' title="bbox 212 1308 1268 1397; baseline -0.006 -20"><span class='ocrx_word' id='word_1_93' title='bbox 212 1312 338 1377; x_wconf 87' lang='lat' dir='ltr'>dinibus</span> <span class='ocrx_word' id='word_1_94' title='bbox 353 1311 440 1397; x_wconf 86' lang='lat' dir='ltr'>sequi</span> <span class='ocrx_word' id='word_1_95' title='bbox 453 1333 563 1374; x_wconf 87' lang='lat' dir='ltr'>rursus</span> <span class='ocrx_word' id='word_1_96' title='bbox 576 1309 693 1389; x_wconf 88' lang='lat' dir='ltr'>videre,</span> <span class='ocrx_word' id='word_1_97' title='bbox 715 1310 749 1373; x_wconf 90' lang='lat' dir='ltr'>in</span> <span class='ocrx_word' id='word_1_98' title='bbox 763 1310 874 1395; x_wconf 85' lang='lat' dir='ltr'>fugam</span> <span class='ocrx_word' id='word_1_99' title='bbox 888 1309 981 1387; x_wconf 83' lang='lat' dir='ltr'>versi,</span> <span class='ocrx_word' id='word_1_100' title='bbox 1002 1329 1066 1372; x_wconf 89' lang='lat' dir='ltr'>non</span> <span class='ocrx_word' id='word_1_101' title='bbox 1079 1308 1268 1395; x_wconf 82' lang='lat' dir='ltr'>agminibus,</span> 
     </span>
     <span class='ocr_line' id='line_1_14' title="bbox 212 1390 1271 1483; baseline -0.004 -22"><span class='ocrx_word' id='word_1_102' title='bbox 212 1390 251 1461; x_wconf 82' lang='lat' dir='ltr'>ut</span> <span class='ocrx_word' id='word_1_103' title='bbox 264 1398 360 1483; x_wconf 89' lang='lat' dir='ltr'>prius,</span> <span class='ocrx_word' id='word_1_104' title='bbox 375 1420 432 1461; x_wconf 90' lang='lat' dir='ltr'>nec</span> <span class='ocrx_word' id='word_1_105' title='bbox 446 1394 526 1459; x_wconf 90' lang='lat' dir='ltr'>alius</span> <span class='ocrx_word' id='word_1_106' title='bbox 538 1394 635 1459; x_wconf 84' lang='lat' dir='ltr'>alium</span> <span class='ocrx_word' id='word_1_107' title='bbox 651 1407 870 1483; x_wconf 70' lang='lat' dir='ltr'>respectantes,</span> <span class='ocrx_word' id='word_1_108' title='bbox 890 1394 954 1458; x_wconf 88' lang='lat' dir='ltr'>rari</span> <span class='ocrx_word' id='word_1_109' title='bbox 966 1406 998 1457; x_wconf 91' lang='lat' dir='ltr'>et</span> <span class='ocrx_word' id='word_1_110' title='bbox 1011 1393 1176 1459; x_wconf 71' lang='lat' dir='ltr'>vitabundi</span> <span class='ocrx_word' id='word_1_111' title='bbox 1190 1393 1271 1457; x_wconf 85' lang='lat' dir='ltr'>iuvi·</span> 
     </span>
     <span class='ocr_line' id='line_1_15' title="bbox 213 1478 1271 1629; baseline -0.003 -84"><span class='ocrx_word' id='word_1_112' title='bbox 213 1504 291 1560; x_wconf 91' lang='lat' dir='ltr'>cem,</span> <span class='ocrx_word' id='word_1_113' title='bbox 302 1482 471 1579; x_wconf 85' lang='lat' dir='ltr'>longinqua</span> <span class='ocrx_word' id='word_1_114' title='bbox 482 1492 578 1629; x_wconf 76' lang='lat' dir='ltr'>atque</span> <span class='ocrx_word' id='word_1_115' title='bbox 591 1480 660 1545; x_wconf 88' lang='lat' dir='ltr'>avia</span> <span class='ocrx_word' id='word_1_116' title='bbox 673 1480 806 1569; x_wconf 27' lang='lat' dir='ltr'>petiere..</span> <span class='ocrx_word' id='word_1_117' title='bbox 831 1479 921 1545; x_wconf 73' lang='lat' dir='ltr'>Finis</span> <span class='ocrx_word' id='word_1_118' title='bbox 935 1478 1085 1565; x_wconf 83' lang='lat' dir='ltr'>sequendi</span> <span class='ocrx_word' id='word_1_119' title='bbox 1099 1502 1160 1542; x_wconf 87' lang='lat' dir='ltr'>nox</span> <span class='ocrx_word' id='word_1_120' title='bbox 1168 1484 1212 1571; x_wconf 25' lang='lat' dir='ltr'>&#39;et&#39;</span> <span class='ocrx_word' id='word_1_121' title='bbox 1221 1500 1271 1542; x_wconf 90' lang='lat' dir='ltr'>sa·</span> 
     </span>
     <span class='ocr_line' id='line_1_16' title="bbox 185 1563 1271 1653; baseline -0.002 -24"><span class='ocrx_word' id='word_1_122' title='bbox 185 1604 187 1609; x_wconf 68' lang='lat'>,</span> <span class='ocrx_word' id='word_1_123' title='bbox 210 1566 303 1631; x_wconf 84' lang='lat' dir='ltr'>tietas</span> <span class='ocrx_word' id='word_1_124' title='bbox 321 1567 400 1632; x_wconf 83' lang='lat' dir='ltr'>furt:</span> <span class='ocrx_word' id='word_1_125' title='bbox 423 1588 502 1629; x_wconf 88' lang='lat' dir='ltr'>caesa</span> <span class='ocrx_word' id='word_1_126' title='bbox 545 1566 660 1629; x_wconf 89' lang='lat' dir='ltr'>ostium</span> <span class='ocrx_word' id='word_1_127' title='bbox 681 1565 723 1629; x_wconf 88' lang='lat' dir='ltr'>ad</span> <span class='ocrx_word' id='word_1_128' title='bbox 745 1564 854 1653; x_wconf 84' lang='lat' dir='ltr'>decem</span> <span class='ocrx_word' id='word_1_129' title='bbox 872 1563 988 1628; x_wconf 81' lang='lat' dir='ltr'>millia:</span> <span class='ocrx_word' id='word_1_130' title='bbox 1011 1580 1186 1629; x_wconf 87' lang='lat' dir='ltr'>nostrorum</span> <span class='ocrx_word' id='word_1_131' title='bbox 1209 1575 1271 1627; x_wconf 88' lang='lat' dir='ltr'>tre-</span> 
     </span>
     <span class='ocr_line' id='line_1_17' title="bbox 212 1647 1272 1738; baseline 0 -25"><span class='ocrx_word' id='word_1_132' title='bbox 212 1652 295 1715; x_wconf 88' lang='lat' dir='ltr'>centi</span> <span class='ocrx_word' id='word_1_133' title='bbox 316 1650 476 1738; x_wconf 81' lang='lat' dir='ltr'>sexaginta</span> <span class='ocrx_word' id='word_1_134' title='bbox 496 1650 655 1725; x_wconf 84' lang='lat' dir='ltr'>cecidere3</span> <span class='ocrx_word' id='word_1_135' title='bbox 678 1649 802 1735; x_wconf 85' lang='lat' dir='ltr'>inquis</span> <span class='ocrx_word' id='word_1_136' title='bbox 817 1647 922 1714; x_wconf 84' lang='lat' dir='ltr'>Aulus</span> <span class='ocrx_word' id='word_1_137' title='bbox 935 1649 1074 1728; x_wconf 88' lang='lat' dir='ltr'>Atticus,</span> <span class='ocrx_word' id='word_1_138' title='bbox 1096 1649 1272 1713; x_wconf 74' lang='lat' dir='ltr'>Praefectus</span> 
     </span>
     <span class='ocr_line' id='line_1_18' title="bbox 213 1730 1194 1821; baseline 0 -22"><span class='ocrx_word' id='word_1_139' title='bbox 213 1730 361 1812; x_wconf 82' lang='lat' dir='ltr'>cohortis,</span> <span class='ocrx_word' id='word_1_140' title='bbox 375 1734 508 1821; x_wconf 86' lang='lat' dir='ltr'>juvenili</span> <span class='ocrx_word' id='word_1_141' title='bbox 521 1735 632 1799; x_wconf 88' lang='lat' dir='ltr'>ardore</span> <span class='ocrx_word' id='word_1_142' title='bbox 647 1748 678 1798; x_wconf 90' lang='lat' dir='ltr'>et</span> <span class='ocrx_word' id='word_1_143' title='bbox 692 1734 809 1799; x_wconf 83' lang='lat' dir='ltr'>ferocia</span> <span class='ocrx_word' id='word_1_144' title='bbox 862 1733 896 1797; x_wconf 91' lang='lat' dir='ltr'>ui</span> <span class='ocrx_word' id='word_1_145' title='bbox 910 1733 1052 1799; x_wconf 84' lang='lat' dir='ltr'>hostibus</span> <span class='ocrx_word' id='word_1_146' title='bbox 1066 1734 1194 1799; x_wconf 81' lang='lat' dir='ltr'>inlatus.</span> 
     </span>
     <span class='ocr_line' id='line_1_19' title="bbox 209 1817 1273 1915; baseline 0.007 -39"><span class='ocrx_word' id='word_1_147' title='bbox 209 1868 214 1876; x_wconf 90' lang='lat'>.</span> <span class='ocrx_word' id='word_1_148' title='bbox 260 1819 470 1882; x_wconf 83' lang='lat' dir='ltr'>XXXVIII.</span> <span class='ocrx_word' id='word_1_149' title='bbox 494 1818 537 1885; x_wconf 54' lang='lat' dir='ltr'>‘Et</span> <span class='ocrx_word' id='word_1_150' title='bbox 551 1842 614 1883; x_wconf 83' lang='lat' dir='ltr'>nox</span> <span class='ocrx_word' id='word_1_151' title='bbox 628 1818 757 1904; x_wconf 91' lang='lat' dir='ltr'>quidem</span> <span class='ocrx_word' id='word_1_152' title='bbox 771 1842 836 1904; x_wconf 88' lang='lat' dir='ltr'>gau</span> <span class='ocrx_word' id='word_1_153' title='bbox 860 1819 889 1882; x_wconf 81' lang='grc' dir='ltr'><strong>ὀ</strong></span> <span class='ocrx_word' id='word_1_154' title='bbox 902 1819 1077 1915; x_wconf 63' lang='lat' dir='ltr'>praedaque</span> <span class='ocrx_word' id='word_1_155' title='bbox 1091 1819 1164 1883; x_wconf 85' lang='lat' dir='ltr'>laeta</span> <span class='ocrx_word' id='word_1_156' title='bbox 1176 1817 1273 1883; x_wconf 85' lang='lat' dir='ltr'>victo·</span> 
     </span>
     <span class='ocr_line' id='line_1_20' title="bbox 171 1901 1274 1988; baseline 0 -21"><span class='ocrx_word' id='word_1_157' title='bbox 171 1916 176 1929; x_wconf 89' lang='lat'>&#39;</span> <span class='ocrx_word' id='word_1_158' title='bbox 214 1904 324 1967; x_wconf 81' lang='lat' dir='ltr'>ribus:</span> <span class='ocrx_word' id='word_1_159' title='bbox 353 1902 497 1983; x_wconf 73' lang='lat' dir='ltr'>Britanni</span> <span class='ocrx_word' id='word_1_160' title='bbox 521 1901 671 1985; x_wconf 84' lang='lat' dir='ltr'>palantes,</span> <span class='ocrx_word' id='word_1_161' title='bbox 696 1902 859 1985; x_wconf 82' lang='lat' dir='ltr'>mixtoque</span> <span class='ocrx_word' id='word_1_162' title='bbox 881 1924 1019 1965; x_wconf 81' lang='lat' dir='ltr'>virorum</span> <span class='ocrx_word' id='word_1_163' title='bbox 1043 1902 1274 1988; x_wconf 75' lang='lat' dir='ltr'>mulierumque</span> 
     </span>
     <span class='ocr_line' id='line_1_21' title="bbox 212 1984 1274 2075; baseline -0.001 -25"><span class='ocrx_word' id='word_1_164' title='bbox 212 1987 353 2075; x_wconf 85' lang='lat' dir='ltr'>ploratu,</span> <span class='ocrx_word' id='word_1_165' title='bbox 368 1988 489 2051; x_wconf 89' lang='lat' dir='ltr'>trahere</span> <span class='ocrx_word' id='word_1_166' title='bbox 504 1984 692 2065; x_wconf 84' lang='lat' dir='ltr'>vulneratos,</span> <span class='ocrx_word' id='word_1_167' title='bbox 711 2006 822 2049; x_wconf 87' lang='lat' dir='ltr'>vocare</span> <span class='ocrx_word' id='word_1_168' title='bbox 838 1984 987 2071; x_wconf 85' lang='lat' dir='ltr'>integros,</span> <span class='ocrx_word' id='word_1_169' title='bbox 1001 1986 1140 2051; x_wconf 89' lang='lat' dir='ltr'>deserere</span> <span class='ocrx_word' id='word_1_170' title='bbox 1153 1984 1274 2066; x_wconf 89' lang='lat' dir='ltr'>domos,</span> 
     </span>
     <span class='ocr_line' id='line_1_22' title="bbox 216 2069 1275 2159; baseline -0.001 -22"><span class='ocrx_word' id='word_1_171' title='bbox 216 2096 252 2137; x_wconf 84' lang='lat' dir='ltr'>ac</span> <span class='ocrx_word' id='word_1_172' title='bbox 266 2096 324 2159; x_wconf 91' lang='lat' dir='ltr'>per</span> <span class='ocrx_word' id='word_1_173' title='bbox 337 2074 414 2137; x_wconf 90' lang='lat' dir='ltr'>iram</span> <span class='ocrx_word' id='word_1_174' title='bbox 429 2070 513 2136; x_wconf 94' lang='lat' dir='ltr'>ultro</span> <span class='ocrx_word' id='word_1_175' title='bbox 527 2070 709 2133; x_wconf 85' lang='lat' dir='ltr'>incendere:</span> <span class='ocrx_word' id='word_1_176' title='bbox 733 2069 848 2156; x_wconf 88' lang='lat' dir='ltr'>eligere</span> <span class='ocrx_word' id='word_1_177' title='bbox 868 2070 1003 2135; x_wconf 87' lang='lat' dir='ltr'>latebras</span> <span class='ocrx_word' id='word_1_178' title='bbox 1019 2086 1051 2137; x_wconf 90' lang='lat' dir='ltr'>et</span> <span class='ocrx_word' id='word_1_179' title='bbox 1065 2071 1170 2136; x_wconf 88' lang='lat' dir='ltr'>statim</span> <span class='ocrx_word' id='word_1_180' title='bbox 1183 2070 1275 2136; x_wconf 90' lang='lat' dir='ltr'>relin-</span> 
     </span>
     <span class='ocr_line' id='line_1_23' title="bbox 217 2153 1277 2245; baseline -0.009 -23"><span class='ocrx_word' id='word_1_181' title='bbox 217 2180 333 2243; x_wconf 89' lang='lat' dir='ltr'>quere:</span> <span class='ocrx_word' id='word_1_182' title='bbox 357 2157 484 2221; x_wconf 90' lang='lat' dir='ltr'>miscere</span> <span class='ocrx_word' id='word_1_183' title='bbox 503 2156 635 2219; x_wconf 88' lang='lat' dir='ltr'>invicem</span> <span class='ocrx_word' id='word_1_184' title='bbox 655 2153 783 2219; x_wconf 81' lang='lat' dir='ltr'>masilia</span> <span class='ocrx_word' id='word_1_185' title='bbox 803 2153 919 2240; x_wconf 85' lang='lat' dir='ltr'>aliqua,</span> <span class='ocrx_word' id='word_1_186' title='bbox 945 2154 1018 2220; x_wconf 89' lang='lat' dir='ltr'>dein</span> <span class='ocrx_word' id='word_1_187' title='bbox 1037 2180 1198 2245; x_wconf 86' lang='lat' dir='ltr'>separare:</span> <span class='ocrx_word' id='word_1_188' title='bbox 1222 2156 1277 2221; x_wconf 91' lang='lat' dir='ltr'>ali.</span> 
     </span>
     <span class='ocr_line' id='line_1_24' title="bbox 220 2239 1275 2330; baseline 0.002 -25"><span class='ocrx_word' id='word_1_189' title='bbox 220 2242 349 2329; x_wconf 90' lang='lat' dir='ltr'>quando</span> <span class='ocrx_word' id='word_1_190' title='bbox 361 2241 464 2329; x_wconf 83' lang='lat' dir='ltr'>frangi</span> <span class='ocrx_word' id='word_1_191' title='bbox 478 2241 630 2327; x_wconf 85' lang='lat' dir='ltr'>adspectu</span> <span class='ocrx_word' id='word_1_192' title='bbox 644 2239 812 2328; x_wconf 86' lang='lat' dir='ltr'>pignorum</span> <span class='ocrx_word' id='word_1_193' title='bbox 828 2261 967 2319; x_wconf 90' lang='lat' dir='ltr'>suorum,</span> <span class='ocrx_word' id='word_1_194' title='bbox 983 2242 1100 2330; x_wconf 84' lang='lat' dir='ltr'>saepius</span> <span class='ocrx_word' id='word_1_195' title='bbox 1111 2241 1275 2307; x_wconf 76' lang='lat' dir='ltr'>conmtari:</span> 
     </span>
     <span class='ocr_line' id='line_1_25' title="bbox 215 2322 1275 2423; baseline 0.001 -32"><span class='ocrx_word' id='word_1_196' title='bbox 215 2326 354 2413; x_wconf 80' lang='lat' dir='ltr'>&#39;satisque</span> <span class='ocrx_word' id='word_1_197' title='bbox 374 2326 546 2404; x_wconf 81' lang='lat' dir='ltr'>constabat,</span> <span class='ocrx_word' id='word_1_198' title='bbox 567 2324 688 2389; x_wconf 85' lang='lat' dir='ltr'>saevisse</span> <span class='ocrx_word' id='word_1_199' title='bbox 707 2322 861 2410; x_wconf 86' lang='lat' dir='ltr'>quosdam</span> <span class='ocrx_word' id='word_1_200' title='bbox 880 2325 914 2389; x_wconf 90' lang='lat' dir='ltr'>in</span> <span class='ocrx_word' id='word_1_201' title='bbox 933 2328 1084 2423; x_wconf 76' lang='lat' dir='ltr'>conjuges</span> <span class='ocrx_word' id='word_1_202' title='bbox 1099 2352 1136 2392; x_wconf 90' lang='lat' dir='ltr'>ac</span> <span class='ocrx_word' id='word_1_203' title='bbox 1149 2326 1275 2408; x_wconf 82' lang='lat' dir='ltr'>liberos,</span> 
     </span>
     <span class='ocr_line' id='line_1_26' title="bbox 220 2408 1276 2498; baseline 0.001 -22"><span class='ocrx_word' id='word_1_204' title='bbox 220 2428 378 2498; x_wconf 87' lang='lat' dir='ltr'>tamquam</span> <span class='ocrx_word' id='word_1_205' title='bbox 403 2410 629 2475; x_wconf 86' lang='lat' dir='ltr'>misererentur.</span> <span class='ocrx_word' id='word_1_206' title='bbox 674 2409 844 2473; x_wconf 82' lang='lat' dir='ltr'>Proximus</span> <span class='ocrx_word' id='word_1_207' title='bbox 859 2408 932 2473; x_wconf 87' lang='lat' dir='ltr'>dies.</span> <span class='ocrx_word' id='word_1_208' title='bbox 946 2411 1056 2475; x_wconf 82' lang='lat' dir='ltr'>faciem</span> <span class='ocrx_word' id='word_1_209' title='bbox 1075 2412 1212 2477; x_wconf 84' lang='lat' dir='ltr'>victorioe</span> <span class='ocrx_word' id='word_1_210' title='bbox 1230 2412 1276 2477; x_wconf 88' lang='lat' dir='ltr'>la-</span> 
     </span>
     <span class='ocr_line' id='line_1_27' title="bbox 219 2492 1276 2583; baseline 0.001 -23"><span class='ocrx_word' id='word_1_211' title='bbox 219 2496 282 2560; x_wconf 89' lang='lat' dir='ltr'>tius</span> <span class='ocrx_word' id='word_1_212' title='bbox 296 2496 438 2583; x_wconf 88' lang='lat' dir='ltr'>aperuit:</span> <span class='ocrx_word' id='word_1_213' title='bbox 463 2509 585 2559; x_wconf 88' lang='lat' dir='ltr'>vastum</span> <span class='ocrx_word' id='word_1_214' title='bbox 598 2492 717 2580; x_wconf 88' lang='lat' dir='ltr'>ubique</span> <span class='ocrx_word' id='word_1_215' title='bbox 731 2492 898 2571; x_wconf 88' lang='lat' dir='ltr'>silentium,</span> <span class='ocrx_word' id='word_1_216' title='bbox 916 2496 1023 2560; x_wconf 87' lang='lat' dir='ltr'>secreti</span> <span class='ocrx_word' id='word_1_217' title='bbox 1036 2496 1139 2577; x_wconf 88' lang='lat' dir='ltr'>calles,</span> <span class='ocrx_word' id='word_1_218' title='bbox 1152 2496 1276 2561; x_wconf 87' lang='lat' dir='ltr'>fuman-</span> 
     </span>
     <span class='ocr_line' id='line_1_28' title="bbox 221 2578 1278 2682; baseline 0.001 -36"><span class='ocrx_word' id='word_1_219' title='bbox 221 2581 265 2646; x_wconf 85' lang='lat' dir='ltr'>tia</span> <span class='ocrx_word' id='word_1_220' title='bbox 291 2582 400 2670; x_wconf 86' lang='lat' dir='ltr'>procul</span> <span class='ocrx_word' id='word_1_221' title='bbox 428 2594 520 2657; x_wconf 88' lang='lat' dir='ltr'>tecta,</span> <span class='ocrx_word' id='word_1_222' title='bbox 546 2602 637 2643; x_wconf 90' lang='lat' dir='ltr'>nemo</span> <span class='ocrx_word' id='word_1_223' title='bbox 666 2602 704 2641; x_wconf 91' lang='lat' dir='ltr'>ex</span> <span class='ocrx_word' id='word_1_224' title='bbox 728 2578 914 2644; x_wconf 84' lang='lat' dir='ltr'>leratoribus</span> <span class='ocrx_word' id='word_1_225' title='bbox 941 2580 1070 2648; x_wconf 84' lang='lat' dir='ltr'>obvius:</span> <span class='ocrx_word' id='word_1_226' title='bbox 1100 2582 1222 2682; x_wconf 36' lang='lat' dir='ltr'>quibus,</span> <span class='ocrx_word' id='word_1_227' title='bbox 1242 2581 1278 2647; x_wconf 90' lang='lat' dir='ltr'>in</span> 
     </span>
     <span class='ocr_line' id='line_1_29' title="bbox 218 2602 1277 2766; baseline 0.001 -36"><span class='ocrx_word' id='word_1_228' title='bbox 218 2686 343 2730; x_wconf 87' lang='lat' dir='ltr'>omnem</span> <span class='ocrx_word' id='word_1_229' title='bbox 365 2681 486 2753; x_wconf 84' lang='lat' dir='ltr'>partem</span> <span class='ocrx_word' id='word_1_230' title='bbox 509 2662 668 2743; x_wconf 89' lang='lat' dir='ltr'>dismissis,</span> <span class='ocrx_word' id='word_1_231' title='bbox 691 2602 746 2728; x_wconf 67' lang='lat' dir='ltr'>ubi</span> <span class='ocrx_word' id='word_1_232' title='bbox 760 2662 885 2729; x_wconf 83' lang='lat' dir='ltr'>¹incerta</span> <span class='ocrx_word' id='word_1_233' title='bbox 905 2664 992 2753; x_wconf 82' lang='lat' dir='ltr'>fugae</span> <span class='ocrx_word' id='word_1_234' title='bbox 1010 2666 1153 2766; x_wconf 82' lang='lat' dir='ltr'>vestigia,</span> <span class='ocrx_word' id='word_1_235' title='bbox 1172 2689 1277 2754; x_wconf 87' lang='lat' dir='ltr'>neque</span> 
     </span>
     <span class='ocr_line' id='line_1_30' title="bbox 221 2749 1278 2840; baseline 0.002 -25"><span class='ocrx_word' id='word_1_236' title='bbox 221 2774 354 2837; x_wconf 89' lang='lat' dir='ltr'>usquam</span> <span class='ocrx_word' id='word_1_237' title='bbox 369 2749 548 2837; x_wconf 86' lang='lat' dir='ltr'>conglobari</span> <span class='ocrx_word' id='word_1_238' title='bbox 568 2749 672 2813; x_wconf 90' lang='lat' dir='ltr'>hostes</span> <span class='ocrx_word' id='word_1_239' title='bbox 685 2762 894 2835; x_wconf 88' lang='lat' dir='ltr'>compertum,</span> <span class='ocrx_word' id='word_1_240' title='bbox 915 2763 947 2814; x_wconf 89' lang='lat' dir='ltr'>et</span> <span class='ocrx_word' id='word_1_241' title='bbox 960 2767 1070 2817; x_wconf 81' lang='lat' dir='ltr'>exacta</span> <span class='ocrx_word' id='word_1_242' title='bbox 1087 2775 1155 2840; x_wconf 78' lang='lat' dir='ltr'>Jam</span> <span class='ocrx_word' id='word_1_243' title='bbox 1169 2765 1278 2817; x_wconf 84' lang='lat' dir='ltr'>aestate</span> 
     </span>
     <span class='ocr_line' id='line_1_31' title="bbox 220 2834 1278 2921; baseline 0.001 -21"><span class='ocrx_word' id='word_1_244' title='bbox 220 2860 236 2900; x_wconf 90' lang='lat' dir='ltr'>s</span> <span class='ocrx_word' id='word_1_245' title='bbox 278 2836 327 2921; x_wconf 88' lang='lat' dir='ltr'>rgi</span> <span class='ocrx_word' id='word_1_246' title='bbox 351 2836 469 2901; x_wconf 84' lang='lat' dir='ltr'>bellum</span> <span class='ocrx_word' id='word_1_247' title='bbox 495 2834 668 2921; x_wconf 86' lang='lat' dir='ltr'>nequibat;</span> <span class='ocrx_word' id='word_1_248' title='bbox 701 2834 734 2897; x_wconf 91' lang='lat' dir='ltr'>in</span> <span class='ocrx_word' id='word_1_249' title='bbox 763 2834 841 2897; x_wconf 86' lang='lat' dir='ltr'>fines</span> <span class='ocrx_word' id='word_1_250' title='bbox 869 2834 1078 2901; x_wconf 84' lang='lat' dir='ltr'>Horestorum</span> <span class='ocrx_word' id='word_1_251' title='bbox 1107 2837 1278 2902; x_wconf 87' lang='lat' dir='ltr'>exercitum</span> 
     </span>
     <span class='ocr_line' id='line_1_32' title="bbox 216 2917 1278 3007; baseline 0.002 -24"><span class='ocrx_word' id='word_1_252' title='bbox 216 2978 219 2983; x_wconf 81' lang='grc'>,</span> <span class='ocrx_word' id='word_1_253' title='bbox 245 2922 358 2985; x_wconf 91' lang='lat' dir='ltr'>educit.</span> <span class='ocrx_word' id='word_1_254' title='bbox 400 2920 451 2985; x_wconf 92' lang='lat' dir='ltr'>Ibi</span> <span class='ocrx_word' id='word_1_255' title='bbox 465 2920 598 3007; x_wconf 82' lang='lat' dir='ltr'>acceptis</span> <span class='ocrx_word' id='word_1_256' title='bbox 615 2918 787 2996; x_wconf 90' lang='lat' dir='ltr'>obsidibus,</span> <span class='ocrx_word' id='word_1_257' title='bbox 809 2919 964 2996; x_wconf 72' lang='lat' dir='ltr'>Praefecto</span> <span class='ocrx_word' id='word_1_258' title='bbox 983 2917 1090 2988; x_wconf 73' lang='lat' dir='ltr'>obesis</span> <span class='ocrx_word' id='word_1_259' title='bbox 1111 2931 1133 2962; x_wconf 80' lang='lat'>‘⁶</span> <span class='ocrx_word' id='word_1_260' title='bbox 1147 2923 1278 2986; x_wconf 90' lang='lat' dir='ltr'>circum-</span> 
     </span>
     <span class='ocr_line' id='line_1_33' title="bbox 204 3002 1277 3093; baseline -0.002 -22"><span class='ocrx_word' id='word_1_261' title='bbox 204 3064 208 3071; x_wconf 92' lang='lat'>.</span> <span class='ocrx_word' id='word_1_262' title='bbox 221 3005 292 3071; x_wconf 90' lang='lat' dir='ltr'>vehi</span> <span class='ocrx_word' id='word_1_263' title='bbox 307 3005 519 3070; x_wconf 84' lang='lat' dir='ltr'>Britanniam”</span> <span class='ocrx_word' id='word_1_264' title='bbox 532 3004 696 3092; x_wconf 68' lang='lat' dir='ltr'>praecepit:</span> <span class='ocrx_word' id='word_1_265' title='bbox 712 3004 795 3068; x_wconf 85' lang='lat' dir='ltr'>datoe</span> <span class='ocrx_word' id='word_1_266' title='bbox 809 3002 851 3067; x_wconf 84' lang='lat' dir='ltr'>ad</span> <span class='ocrx_word' id='word_1_267' title='bbox 865 3003 899 3067; x_wconf 90' lang='lat' dir='ltr'>id</span> <span class='ocrx_word' id='word_1_268' title='bbox 912 3006 1014 3081; x_wconf 80' lang='lat' dir='ltr'>vires3</span> <span class='ocrx_word' id='word_1_269' title='bbox 1037 3021 1070 3071; x_wconf 89' lang='lat' dir='ltr'>et</span> <span class='ocrx_word' id='word_1_270' title='bbox 1081 3016 1277 3093; x_wconf 76' lang='lat' dir='ltr'>precesserat</span> 
     </span>
    </p>
   </div>
   <div class='ocr_carea' id='block_1_3' title="bbox 219 3220 1322 4377">
    <p class='ocr_par' dir='ltr' id='par_1_3' title="bbox 220 3220 1280 3466">
     <span class='ocr_line' id='line_1_34' title="bbox 258 3220 1278 3286; baseline 0 -15"><span class='ocrx_word' id='word_1_271' title='bbox 258 3220 733 3286; x_wconf 71' lang='lat' dir='ltr'>Victitlravirtsuque1EVug.AEn.2‚</span> <span class='ocrx_word' id='word_1_272' title='bbox 764 3222 861 3268; x_wconf 72' lang='lat' dir='ltr'>miscere</span> <span class='ocrx_word' id='word_1_273' title='bbox 876 3222 1137 3285; x_wconf 64' lang='lat' dir='ltr'>mmtllaetewm.</span> <span class='ocrx_word' id='word_1_274' title='bbox 1168 3222 1278 3271; x_wconf 82' lang='lat' dir='ltr'>Primum</span> 
     </span>
     <span class='ocr_line' id='line_1_35' title="bbox 220 3286 1279 3351; baseline 0 -16"><span class='ocrx_word' id='word_1_275' title='bbox 220 3287 276 3345; x_wconf 76' lang='grc'>367.</span> <span class='ocrx_word' id='word_1_276' title='bbox 292 3288 734 3349; x_wconf 66' lang='lat' dir='ltr'>Qumdamertamvaeareasttnproe.</span> <span class='ocrx_word' id='word_1_277' title='bbox 764 3286 919 3333; x_wconf 85' lang='lat' dir='ltr'>communiter</span> <span class='ocrx_word' id='word_1_278' title='bbox 944 3286 1039 3335; x_wconf 75' lang='lat' dir='ltr'>conniis</span> <span class='ocrx_word' id='word_1_279' title='bbox 1065 3286 1195 3350; x_wconf 61' lang='lat' dir='ltr'>mpiebana</span> <span class='ocrx_word' id='word_1_280' title='bbox 1225 3296 1279 3351; x_wconf 80' lang='lat' dir='ltr'>post</span> 
     </span>
     <span class='ocr_line' id='line_1_36' title="bbox 223 3350 1280 3417; baseline 0.003 -20"><span class='ocrx_word' id='word_1_281' title='bbox 223 3352 301 3398; x_wconf 76' lang='lat' dir='ltr'>cordio</span> <span class='ocrx_word' id='word_1_282' title='bbox 312 3354 407 3408; x_wconf 73' lang='lat' dir='ltr'>virtus,-</span> <span class='ocrx_word' id='word_1_283' title='bbox 418 3360 446 3398; x_wconf 90' lang='lat' dir='ltr'>ut</span> <span class='ocrx_word' id='word_1_284' title='bbox 456 3352 514 3399; x_wconf 85' lang='lat' dir='ltr'>bene</span> <span class='ocrx_word' id='word_1_285' title='bbox 525 3350 733 3400; x_wconf 76' lang='lat' dir='ltr'>Pichenamonuit.</span> <span class='ocrx_word' id='word_1_286' title='bbox 766 3359 836 3397; x_wconf 85' lang='lat' dir='ltr'>suum</span> <span class='ocrx_word' id='word_1_287' title='bbox 853 3350 953 3414; x_wconf 76' lang='lat' dir='ltr'>quisque</span> <span class='ocrx_word' id='word_1_288' title='bbox 970 3351 1100 3411; x_wconf 73' lang='lat' dir='ltr'>amulium,</span> <span class='ocrx_word' id='word_1_289' title='bbox 1118 3352 1163 3401; x_wconf 87' lang='lat' dir='ltr'>sibi</span> <span class='ocrx_word' id='word_1_290' title='bbox 1180 3352 1280 3417; x_wconf 81' lang='lat' dir='ltr'>quisque</span> 
     </span>
     <span class='ocr_line' id='line_1_37' title="bbox 224 3410 1279 3466; baseline 0.002 -4"><span class='ocrx_word' id='word_1_291' title='bbox 224 3414 298 3463; x_wconf 76' lang='lat' dir='ltr'>Ean.</span> <span class='ocrx_word' id='word_1_292' title='bbox 759 3410 906 3463; x_wconf 75' lang='lat' dir='ltr'>consulebat</span> <span class='ocrx_word' id='word_1_293' title='bbox 931 3415 1004 3463; x_wconf 80' lang='lat' dir='ltr'>Eun.</span> <span class='ocrx_word' id='word_1_294' title='bbox 1027 3417 1279 3466; x_wconf 80' lang='lat' dir='ltr'>Gmtiusmalebatde-</span> 
     </span>
    </p>

    <p class='ocr_par' dir='ltr' id='par_1_4' title="bbox 222 3475 1322 3605">
     <span class='ocr_line' id='line_1_38' title="bbox 255 3475 1322 3544; baseline 0.001 -17"><span class='ocrx_word' id='word_1_295' title='bbox 255 3480 369 3541; x_wconf 70' lang='lat' dir='ltr'>Equitem</span> <span class='ocrx_word' id='word_1_296' title='bbox 375 3477 520 3544; x_wconf 73' lang='lat' dir='ltr'>persultare]</span> <span class='ocrx_word' id='word_1_297' title='bbox 531 3480 570 3528; x_wconf 80' lang='lat' dir='ltr'>Sit</span> <span class='ocrx_word' id='word_1_298' title='bbox 580 3479 657 3527; x_wconf 82' lang='lat' dir='ltr'>Rhea.</span> <span class='ocrx_word' id='word_1_299' title='bbox 669 3478 734 3541; x_wconf 89' lang='lat' dir='ltr'>prius</span> <span class='ocrx_word' id='word_1_300' title='bbox 766 3490 869 3539; x_wconf 62' lang='lat' dir='ltr'>epaon,</span> <span class='ocrx_word' id='word_1_301' title='bbox 886 3479 927 3527; x_wconf 83' lang='lat' dir='ltr'>sed</span> <span class='ocrx_word' id='word_1_302' title='bbox 937 3480 957 3529; x_wconf 89' lang='lat' dir='ltr'>is</span> <span class='ocrx_word' id='word_1_303' title='bbox 968 3480 1110 3530; x_wconf 80' lang='lat' dir='ltr'>Vaticanum</span> <span class='ocrx_word' id='word_1_304' title='bbox 1120 3482 1225 3531; x_wconf 86' lang='lat' dir='ltr'>nondum</span> <span class='ocrx_word' id='word_1_305' title='bbox 1235 3494 1278 3528; x_wconf 89' lang='lat' dir='ltr'>no·</span> <span class='ocrx_word' id='word_1_306' title='bbox 1319 3475 1322 3486; x_wconf 88' lang='lat'>&#39;</span> 
     </span>
     <span class='ocr_line' id='line_1_39' title="bbox 222 3544 960 3605; baseline -0.007 -14"><span class='ocrx_word' id='word_1_307' title='bbox 222 3546 356 3605; x_wconf 77' lang='lat' dir='ltr'>eratequtte</span> <span class='ocrx_word' id='word_1_308' title='bbox 362 3544 499 3605; x_wconf 69' lang='lat' dir='ltr'>persumet</span> <span class='ocrx_word' id='word_1_309' title='bbox 766 3548 810 3588; x_wconf 84' lang='lat' dir='ltr'>rat.</span> <span class='ocrx_word' id='word_1_310' title='bbox 957 3554 960 3559; x_wconf 94' lang='lat'>·</span> 
     </span>
    </p>

    <p class='ocr_par' dir='ltr' id='par_1_5' title="bbox 222 3605 1281 3788">
     <span class='ocr_line' id='line_1_40' title="bbox 255 3605 1280 3719; baseline 0.004 -65"><span class='ocrx_word' id='word_1_311' title='bbox 255 3608 311 3654; x_wconf 85' lang='lat' dir='ltr'>Nee</span> <span class='ocrx_word' id='word_1_312' title='bbox 321 3609 381 3655; x_wconf 72' lang='lat' dir='ltr'>allus</span> <span class='ocrx_word' id='word_1_313' title='bbox 389 3609 464 3655; x_wconf 69' lang='lat' dir='ltr'>allum</span> <span class='ocrx_word' id='word_1_314' title='bbox 472 3606 638 3719; x_wconf 60' lang='lat' dir='ltr'>respectanteq</span> <span class='ocrx_word' id='word_1_315' title='bbox 646 3605 734 3655; x_wconf 86' lang='lat' dir='ltr'>Acida-</span> <span class='ocrx_word' id='word_1_316' title='bbox 799 3606 1027 3673; x_wconf 76' lang='lat' dir='ltr'>Soevbsequordcm]</span> <span class='ocrx_word' id='word_1_317' title='bbox 1040 3610 1130 3660; x_wconf 71' lang='lat' dir='ltr'>smilis</span> <span class='ocrx_word' id='word_1_318' title='bbox 1140 3610 1170 3659; x_wconf 82' lang='lat' dir='ltr'>de</span> <span class='ocrx_word' id='word_1_319' title='bbox 1180 3611 1280 3659; x_wconf 80' lang='lat' dir='ltr'>Germa·</span> 
     </span>
     <span class='ocr_line' id='line_1_41' title="bbox 222 3669 1002 3735; baseline 0.006 -18"><span class='ocrx_word' id='word_1_320' title='bbox 222 3670 500 3733; x_wconf 73' lang='lat' dir='ltr'>tiusseualtmlegetst.</span> <span class='ocrx_word' id='word_1_321' title='bbox 522 3671 594 3721; x_wconf 75' lang='lat' dir='ltr'>Eas.</span> <span class='ocrx_word' id='word_1_322' title='bbox 638 3672 735 3735; x_wconf 76' lang='lat' dir='ltr'>lpmox</span> <span class='ocrx_word' id='word_1_323' title='bbox 760 3669 803 3717; x_wconf 56' lang='lat' dir='ltr'>&#39;nia</span> <span class='ocrx_word' id='word_1_324' title='bbox 813 3670 877 3717; x_wconf 78' lang='lat' dir='ltr'>Flor.</span> <span class='ocrx_word' id='word_1_325' title='bbox 890 3672 1002 3731; x_wconf 85' lang='lat' dir='ltr'>a,a,17.</span> 
     </span>
     <span class='ocr_line' id='line_1_42' title="bbox 222 3734 1281 3788; baseline 0.006 -7"><span class='ocrx_word' id='word_1_326' title='bbox 222 3736 263 3782; x_wconf 77' lang='lat' dir='ltr'>aad</span> <span class='ocrx_word' id='word_1_327' title='bbox 273 3736 341 3781; x_wconf 67' lang='lat' dir='ltr'>rara:</span> <span class='ocrx_word' id='word_1_328' title='bbox 353 3734 435 3783; x_wconf 83' lang='lat' dir='ltr'>saltem</span> <span class='ocrx_word' id='word_1_329' title='bbox 446 3736 589 3783; x_wconf 85' lang='lat' dir='ltr'>subauditur.</span> <span class='ocrx_word' id='word_1_330' title='bbox 799 3736 885 3782; x_wconf 68' lang='lat' dir='ltr'>&amp;crat</span> <span class='ocrx_word' id='word_1_331' title='bbox 895 3740 962 3785; x_wconf 79' lang='lat' dir='ltr'>colles</span> <span class='ocrx_word' id='word_1_332' title='bbox 990 3740 1077 3788; x_wconf 78' lang='lat' dir='ltr'>Sacrati</span> <span class='ocrx_word' id='word_1_333' title='bbox 1092 3739 1160 3788; x_wconf 79' lang='lat' dir='ltr'>colles</span> <span class='ocrx_word' id='word_1_334' title='bbox 1175 3746 1232 3785; x_wconf 80' lang='lat' dir='ltr'>sunt</span> <span class='ocrx_word' id='word_1_335' title='bbox 1243 3754 1281 3787; x_wconf 86' lang='lat' dir='ltr'>re-</span> 
     </span>
    </p>

    <p class='ocr_par' dir='ltr' id='par_1_6' title="bbox 219 3798 1282 3993">
     <span class='ocr_line' id='line_1_43' title="bbox 257 3798 1282 3865; baseline 0.004 -20"><span class='ocrx_word' id='word_1_336' title='bbox 257 3798 736 3863; x_wconf 65' lang='lat' dir='ltr'>Yrecectiqaadragtnta]MSVatreaa-</span> <span class='ocrx_word' id='word_1_337' title='bbox 766 3798 891 3856; x_wconf 58' lang='lat' dir='ltr'>motionem</span> <span class='ocrx_word' id='word_1_338' title='bbox 908 3817 940 3865; x_wconf 91' lang='lat' dir='ltr'>qu</span> <span class='ocrx_word' id='word_1_339' title='bbox 981 3803 1200 3854; x_wconf 73' lang='lat' dir='ltr'>abbbalicnum.</span> <span class='ocrx_word' id='word_1_340' title='bbox 1234 3803 1282 3851; x_wconf 68' lang='lat' dir='ltr'>Iae-</span> 
     </span>
     <span class='ocr_line' id='line_1_44' title="bbox 219 3862 1280 3931; baseline 0.006 -22"><span class='ocrx_word' id='word_1_341' title='bbox 219 3864 299 3923; x_wconf 64' lang='lat' dir='ltr'>ginta,</span> <span class='ocrx_word' id='word_1_342' title='bbox 313 3862 376 3927; x_wconf 87' lang='lat' dir='ltr'>quod</span> <span class='ocrx_word' id='word_1_343' title='bbox 387 3864 490 3926; x_wconf 71' lang='lat' dir='ltr'>pretulit</span> <span class='ocrx_word' id='word_1_344' title='bbox 505 3864 631 3912; x_wconf 79' lang='lat' dir='ltr'>Brote&#39;rius.</span> <span class='ocrx_word' id='word_1_345' title='bbox 663 3864 735 3913; x_wconf 74' lang='lat' dir='ltr'>Eun.</span> <span class='ocrx_word' id='word_1_346' title='bbox 767 3862 870 3925; x_wconf 81' lang='lat' dir='ltr'>gendum</span> <span class='ocrx_word' id='word_1_347' title='bbox 880 3875 938 3926; x_wconf 87' lang='lat' dir='ltr'>puto</span> <span class='ocrx_word' id='word_1_348' title='bbox 948 3868 1042 3926; x_wconf 59' lang='lat' dir='ltr'>deeuti,</span> <span class='ocrx_word' id='word_1_349' title='bbox 1059 3868 1101 3931; x_wconf 85' lang='lat' dir='ltr'>qai</span> <span class='ocrx_word' id='word_1_350' title='bbox 1111 3875 1164 3913; x_wconf 87' lang='lat' dir='ltr'>ante</span> <span class='ocrx_word' id='word_1_351' title='bbox 1174 3867 1280 3927; x_wconf 80' lang='lat' dir='ltr'>habitati,</span> 
     </span>
     <span class='ocr_line' id='line_1_45' title="bbox 223 3925 1279 3993; baseline 0.008 -20"><span class='ocrx_word' id='word_1_352' title='bbox 223 3928 319 3990; x_wconf 85' lang='lat' dir='ltr'>Sequor.</span> <span class='ocrx_word' id='word_1_353' title='bbox 334 3925 636 3977; x_wconf 79' lang='lat' dir='ltr'>Vaticanohabendalides.</span> <span class='ocrx_word' id='word_1_354' title='bbox 767 3934 791 3973; x_wconf 77' lang='lat' dir='ltr'>et</span> <span class='ocrx_word' id='word_1_355' title='bbox 817 3928 848 3975; x_wconf 83' lang='lat' dir='ltr'>ab</span> <span class='ocrx_word' id='word_1_356' title='bbox 871 3928 1005 3980; x_wconf 86' lang='lat' dir='ltr'>hominibus</span> <span class='ocrx_word' id='word_1_357' title='bbox 1029 3931 1175 3993; x_wconf 78' lang='lat' dir='ltr'>frequentati.</span> <span class='ocrx_word' id='word_1_358' title='bbox 1205 3933 1279 3982; x_wconf 70' lang='lat' dir='ltr'>Ean.</span> 
     </span>
    </p>

    <p class='ocr_par' dir='ltr' id='par_1_7' title="bbox 224 3989 1283 4377">
     <span class='ocr_line' id='line_1_46' title="bbox 255 3989 1280 4067; baseline 0.008 -29"><span class='ocrx_word' id='word_1_359' title='bbox 255 3990 361 4038; x_wconf 77' lang='lat' dir='ltr'>Miscere</span> <span class='ocrx_word' id='word_1_360' title='bbox 376 3991 488 4055; x_wconf 65' lang='lat' dir='ltr'>tamum]</span> <span class='ocrx_word' id='word_1_361' title='bbox 507 3992 568 4039; x_wconf 84' lang='lat' dir='ltr'>Tota</span> <span class='ocrx_word' id='word_1_362' title='bbox 583 3992 627 4041; x_wconf 85' lang='lat' dir='ltr'>hae</span> <span class='ocrx_word' id='word_1_363' title='bbox 641 3994 736 4067; x_wconf 85' lang='lat' dir='ltr'>periodo</span> <span class='ocrx_word' id='word_1_364' title='bbox 768 3989 870 4054; x_wconf 77' lang='lat' dir='ltr'>Egregie</span> <span class='ocrx_word' id='word_1_365' title='bbox 880 3992 935 4056; x_wconf 86' lang='lat' dir='ltr'>Bip.</span> <span class='ocrx_word' id='word_1_366' title='bbox 945 3997 1022 4055; x_wconf 79' lang='lat' dir='ltr'>ealles,</span> <span class='ocrx_word' id='word_1_367' title='bbox 1033 4002 1061 4041; x_wconf 87' lang='lat' dir='ltr'>ut</span> <span class='ocrx_word' id='word_1_368' title='bbox 1070 3993 1134 4057; x_wconf 86' lang='lat' dir='ltr'>apud</span> <span class='ocrx_word' id='word_1_369' title='bbox 1144 3995 1212 4060; x_wconf 81' lang='lat' dir='ltr'>Virg.</span> <span class='ocrx_word' id='word_1_370' title='bbox 1222 3998 1280 4046; x_wconf 79' lang='lat' dir='ltr'>AEn.</span> 
     </span>
     <span class='ocr_line' id='line_1_47' title="bbox 224 4054 1159 4121; baseline 0.005 -19"><span class='ocrx_word' id='word_1_371' title='bbox 224 4064 329 4103; x_wconf 84' lang='lat' dir='ltr'>ornatum</span> <span class='ocrx_word' id='word_1_372' title='bbox 340 4070 371 4103; x_wconf 80' lang='lat' dir='ltr'>ex</span> <span class='ocrx_word' id='word_1_373' title='bbox 380 4054 490 4119; x_wconf 85' lang='lat' dir='ltr'>oppositis</span> <span class='ocrx_word' id='word_1_374' title='bbox 504 4056 623 4119; x_wconf 77' lang='lat' dir='ltr'>quasivit3</span> <span class='ocrx_word' id='word_1_375' title='bbox 640 4057 736 4121; x_wconf 86' lang='lat' dir='ltr'>ideoque</span> <span class='ocrx_word' id='word_1_376' title='bbox 768 4057 793 4115; x_wconf 88' lang='grc'>6,</span> <span class='ocrx_word' id='word_1_377' title='bbox 805 4057 863 4105; x_wconf 80' lang='grc'><strong>443.</strong></span> <span class='ocrx_word' id='word_1_378' title='bbox 873 4068 897 4105; x_wconf 82' lang='lat' dir='ltr'>ct</span> <span class='ocrx_word' id='word_1_379' title='bbox 907 4062 931 4113; x_wconf 85' lang='lat'>9,</span> <span class='ocrx_word' id='word_1_380' title='bbox 942 4064 998 4109; x_wconf 82' lang='grc'><strong>383.</strong></span> <span class='ocrx_word' id='word_1_381' title='bbox 1008 4057 1050 4105; x_wconf 87' lang='lat' dir='ltr'>ubi</span> <span class='ocrx_word' id='word_1_382' title='bbox 1060 4059 1159 4107; x_wconf 66' lang='lat' dir='ltr'>mesura</span> 
     </span>
     <span class='ocr_line' id='line_1_48' title="bbox 224 4118 1283 4187; baseline 0.009 -22"><span class='ocrx_word' id='word_1_383' title='bbox 224 4118 262 4166; x_wconf 88' lang='lat' dir='ltr'>hic</span> <span class='ocrx_word' id='word_1_384' title='bbox 278 4119 364 4182; x_wconf 82' lang='lat' dir='ltr'>legam,</span> <span class='ocrx_word' id='word_1_385' title='bbox 382 4120 436 4166; x_wconf 77' lang='lat' dir='ltr'>dein</span> <span class='ocrx_word' id='word_1_386' title='bbox 453 4134 568 4182; x_wconf 71' lang='lat' dir='ltr'>rqrarcre.</span> <span class='ocrx_word' id='word_1_387' title='bbox 601 4121 737 4185; x_wconf 75' lang='lat' dir='ltr'>‘Aliquando</span> <span class='ocrx_word' id='word_1_388' title='bbox 800 4122 1076 4187; x_wconf 71' lang='lat' dir='ltr'>Inflneslloreetorum]</span> <span class='ocrx_word' id='word_1_389' title='bbox 1089 4124 1141 4172; x_wconf 85' lang='lat' dir='ltr'>Hos</span> <span class='ocrx_word' id='word_1_390' title='bbox 1149 4124 1283 4175; x_wconf 78' lang='lat' dir='ltr'>camdenus</span> 
     </span>
     <span class='ocr_line' id='line_1_49' title="bbox 225 4268 1282 4377; baseline 0.01 -20"><span class='ocrx_word' id='word_1_391' title='bbox 225 4310 303 4358; x_wconf 85' lang='lat' dir='ltr'>thena.</span> <span class='ocrx_word' id='word_1_392' title='bbox 337 4310 736 4371; x_wconf 54' lang='lat' dir='ltr'>QuasichahetMSVatcum</span> <span class='ocrx_word' id='word_1_393' title='bbox 768 4320 899 4377; x_wconf 60' lang='lat' dir='ltr'>tempstat-</span> <span class='ocrx_word' id='word_1_394' title='bbox 1214 4268 1282 4303; x_wconf 56' lang='lat' dir='ltr'>uu</span> 
     </span>
    </p>
   </div>
   <div class='ocr_carea' id='block_1_4' title="bbox 132 4372 737 4443">
    <p class='ocr_par' dir='ltr' id='par_1_8' title="bbox 132 4372 737 4443">
     <span class='ocr_line' id='line_1_50' title="bbox 132 4372 737 4443; baseline 0.007 -20"><span class='ocrx_word' id='word_1_395' title='bbox 132 4417 135 4423; x_wconf 90' lang='lat'>.</span> <span class='ocrx_word' id='word_1_396' title='bbox 224 4372 330 4425; x_wconf 77' lang='lat' dir='ltr'>Brotar&#39;o</span> <span class='ocrx_word' id='word_1_397' title='bbox 345 4376 429 4443; x_wconf 80' lang='lat' dir='ltr'>recepi.</span> <span class='ocrx_word' id='word_1_398' title='bbox 460 4376 576 4427; x_wconf 79' lang='lat' dir='ltr'>Accurate</span> <span class='ocrx_word' id='word_1_399' title='bbox 588 4388 737 4443; x_wconf 84' lang='lat' dir='ltr'>opponuntur</span> 
     </span>
    </p>
   </div>
   <div class='ocr_carea' id='block_1_5' title="bbox 429 4588 436 4617">
    <p class='ocr_par' dir='ltr' id='par_1_9' title="bbox 429 4588 436 4617">
     <span class='ocr_line' id='line_1_51' title="bbox 429 4588 436 4617; baseline 0 0"><span class='ocrx_word' id='word_1_400' title='bbox 429 4588 436 4617; x_wconf 75' lang='lat' dir='ltr'>i</span> 
     </span>
    </p>
   </div>
   <div class='ocr_carea' id='block_1_6' title="bbox 0 0 1548 4967">
    <p class='ocr_par' dir='ltr' id='par_1_10' title="bbox 0 0 1548 4967">
     <span class='ocr_line' id='line_1_52' title="bbox 0 0 1548 4967; baseline 0 0"><span class='ocrx_word' id='word_1_401' title='bbox 0 0 1548 4967; x_wconf 95' lang='lat' dir='ltr'> </span> 
     </span>
    </p>
   </div>
  </div>
 </body>
</html>
