<?xml version="1.0" encoding="UTF-8"?>
<!DOCTYPE html PUBLIC "-//W3C//DTD XHTML 1.0 Transitional//EN"
    "http://www.w3.org/TR/xhtml1/DTD/xhtml1-transitional.dtd">
<html xmlns="http://www.w3.org/1999/xhtml" xml:lang="en" lang="en">
 <head>
  <title>
</title>
<meta http-equiv="Content-Type" content="text/html;charset=utf-8" />
  <meta name='ocr-system' content='tesseract 3.04.00' />
  <meta name='ocr-capabilities' content='ocr_page ocr_carea ocr_par ocr_line ocrx_word'/>
</head>
<body>
  <div class='ocr_page' id='page_1' title='image "./ccorneliitaciti02grongoog_0160.png"; bbox 0 0 3034 4967; ppageno 0'>
   <div class='ocr_carea' id='block_1_1' title="bbox 238 246 1204 310">
    <p class='ocr_par' dir='ltr' id='par_1_1' title="bbox 238 246 1204 310">
     <span class='ocr_line' id='line_1_1' title="bbox 238 246 1204 310; baseline -0.006 0"><span class='ocrx_word' id='word_1_1' title='bbox 238 253 294 310; x_wconf 84' lang='grc'><strong>154</strong></span> <span class='ocrx_word' id='word_1_2' title='bbox 374 249 403 309; x_wconf 91' lang='lat' dir='ltr'><strong>J.</strong></span> <span class='ocrx_word' id='word_1_3' title='bbox 425 246 547 308; x_wconf 83' lang='lat' dir='ltr'>LIPSII</span> <span class='ocrx_word' id='word_1_4' title='bbox 568 246 792 308; x_wconf 79' lang='lat' dir='ltr'>EXCURSUS</span> <span class='ocrx_word' id='word_1_5' title='bbox 815 247 874 308; x_wconf 80' lang='lat' dir='ltr'><strong>AD</strong></span> <span class='ocrx_word' id='word_1_6' title='bbox 897 247 1049 310; x_wconf 81' lang='lat' dir='ltr'>ANNAL.</span> <span class='ocrx_word' id='word_1_7' title='bbox 1070 249 1148 310; x_wconf 86' lang='lat' dir='ltr'>LIB.</span> <span class='ocrx_word' id='word_1_8' title='bbox 1168 249 1204 305; x_wconf 92' lang='lat' dir='ltr'><strong>V.</strong></span> 
     </span>
    </p>
   </div>
   <div class='ocr_carea' id='block_1_2' title="bbox 235 413 1304 494">
    <p class='ocr_par' dir='ltr' id='par_1_2' title="bbox 235 413 1304 494">
     <span class='ocr_line' id='line_1_2' title="bbox 235 413 1304 494; baseline 0.001 -22"><span class='ocrx_word' id='word_1_9' title='bbox 235 417 303 472; x_wconf 87' lang='lat' dir='ltr'><strong>tium</strong></span> <span class='ocrx_word' id='word_1_10' title='bbox 316 414 377 473; x_wconf 85' lang='lat' dir='ltr'><strong>siue</strong></span> <span class='ocrx_word' id='word_1_11' title='bbox 389 434 497 474; x_wconf 78' lang='lat' dir='ltr'><strong>cerussa.</strong></span> <span class='ocrx_word' id='word_1_12' title='bbox 514 456 520 472; x_wconf 90' lang='lat'>.</span> <span class='ocrx_word' id='word_1_13' title='bbox 536 459 543 474; x_wconf 88' lang='lat'><em>.</em></span> <span class='ocrx_word' id='word_1_14' title='bbox 558 414 641 483; x_wconf 85' lang='lat' dir='ltr'><strong>fecit.</strong></span> <span class='ocrx_word' id='word_1_15' title='bbox 682 413 817 494; x_wconf 84' lang='lat' dir='ltr'><strong>Nuptura</strong></span> <span class='ocrx_word' id='word_1_16' title='bbox 832 423 873 472; x_wconf 88' lang='lat' dir='ltr'><strong>est</strong></span> <span class='ocrx_word' id='word_1_17' title='bbox 892 415 936 473; x_wconf 94' lang='lat' dir='ltr'><strong>D.</strong></span> <span class='ocrx_word' id='word_1_18' title='bbox 951 416 1047 473; x_wconf 82' lang='lat' dir='ltr'><strong>Bruto</strong></span> <span class='ocrx_word' id='word_1_19' title='bbox 1058 439 1068 470; x_wconf 92' lang='lat'><strong>.·</strong></span> <span class='ocrx_word' id='word_1_20' title='bbox 1089 415 1210 473; x_wconf 85' lang='lat' dir='ltr'><strong>noudum</strong></span> <span class='ocrx_word' id='word_1_21' title='bbox 1220 414 1239 451; x_wconf 73' lang='lat'><strong>¹*</strong></span> <span class='ocrx_word' id='word_1_22' title='bbox 1262 437 1304 474; x_wconf 87' lang='lat' dir='ltr'><strong>re·</strong></span> 
     </span>
    </p>
   </div>
   <div class='ocr_carea' id='block_1_3' title="bbox 131 492 1304 562">
    <p class='ocr_par' dir='ltr' id='par_1_3' title="bbox 131 492 1304 562">
     <span class='ocr_line' id='line_1_3' title="bbox 131 492 1304 562; baseline -0.003 -8"><span class='ocrx_word' id='word_1_23' title='bbox 131 547 134 554; x_wconf 61' lang='grc'><strong>.</strong></span> <span class='ocrx_word' id='word_1_24' title='bbox 234 494 350 553; x_wconf 85' lang='lat' dir='ltr'><strong>tulerat.</strong></span> <span class='ocrx_word' id='word_1_25' title='bbox 390 493 556 562; x_wconf 84' lang='lat' dir='ltr'><strong>Retulerat‚</strong></span> <span class='ocrx_word' id='word_1_26' title='bbox 579 492 694 551; x_wconf 87' lang='lat' dir='ltr'><strong>scilieet</strong></span> <span class='ocrx_word' id='word_1_27' title='bbox 720 493 750 550; x_wconf 91' lang='lat' dir='ltr'><strong>in</strong></span> <span class='ocrx_word' id='word_1_28' title='bbox 775 503 851 551; x_wconf 82' lang='lat' dir='ltr'><strong>acta.</strong></span> <span class='ocrx_word' id='word_1_29' title='bbox 892 493 1008 552; x_wconf 86' lang='lat' dir='ltr'>Seneca</span> <span class='ocrx_word' id='word_1_30' title='bbox 1029 493 1067 552; x_wconf 89' lang='lat' dir='ltr'><strong>de</strong></span> <span class='ocrx_word' id='word_1_31' title='bbox 1088 493 1192 551; x_wconf 85' lang='lat' dir='ltr'><strong>Benef.</strong></span> <span class='ocrx_word' id='word_1_32' title='bbox 1213 499 1304 562; x_wconf 85' lang='grc'><strong>3,16.</strong></span> 
     </span>
    </p>
   </div>
   <div class='ocr_carea' id='block_1_4' title="bbox 221 570 1320 3021">
    <p class='ocr_par' dir='ltr' id='par_1_4' title="bbox 221 570 1320 3021">
     <span class='ocr_line' id='line_1_4' title="bbox 238 570 1303 652; baseline -0.001 -21"><span class='ocrx_word' id='word_1_33' title='bbox 238 571 314 640; x_wconf 82' lang='lat' dir='ltr'><strong>Quia</strong></span> <span class='ocrx_word' id='word_1_34' title='bbox 336 592 400 631; x_wconf 84' lang='lat' dir='ltr'><strong>uero</strong></span> <span class='ocrx_word' id='word_1_35' title='bbox 414 570 569 652; x_wconf 83' lang='lat' dir='ltr'><strong>uallajam</strong></span> <span class='ocrx_word' id='word_1_36' title='bbox 582 571 642 631; x_wconf 86' lang='lat' dir='ltr'><strong>siue</strong></span> <span class='ocrx_word' id='word_1_37' title='bbox 660 572 779 630; x_wconf 67' lang='lat' dir='ltr'><strong>(ticonio</strong></span> <span class='ocrx_word' id='word_1_38' title='bbox 798 581 861 629; x_wconf 84' lang='lat' dir='ltr'><strong>acta</strong></span> <span class='ocrx_word' id='word_1_39' title='bbox 874 582 946 640; x_wconf 87' lang='lat' dir='ltr'><strong>suut,</strong></span> <span class='ocrx_word' id='word_1_40' title='bbox 962 573 1038 652; x_wconf 86' lang='lat' dir='ltr'><strong>quod</strong></span> <span class='ocrx_word' id='word_1_41' title='bbox 1056 593 1130 650; x_wconf 78' lang='lat' dir='ltr'><strong>sape</strong></span> <span class='ocrx_word' id='word_1_42' title='bbox 1144 574 1303 645; x_wconf 73' lang='lat' dir='ltr'><em>audiebant,</em></span> 
     </span>
     <span class='ocr_line' id='line_1_5' title="bbox 221 650 1304 731; baseline 0 -21"><span class='ocrx_word' id='word_1_43' title='bbox 221 654 325 731; x_wconf 73' lang='lat' dir='ltr'><strong>fluere</strong></span> <span class='ocrx_word' id='word_1_44' title='bbox 338 651 508 712; x_wconf 81' lang='lat' dir='ltr'><strong>didicerunt.</strong></span> <span class='ocrx_word' id='word_1_45' title='bbox 548 652 585 711; x_wconf 88' lang='lat' dir='ltr'><strong>Et</strong></span> <span class='ocrx_word' id='word_1_46' title='bbox 596 650 635 708; x_wconf 86' lang='lat' dir='ltr'><strong>ad</strong></span> <span class='ocrx_word' id='word_1_47' title='bbox 648 650 833 708; x_wconf 82' lang='lat' dir='ltr'><strong>matrimonia</strong></span> <span class='ocrx_word' id='word_1_48' title='bbox 842 651 972 727; x_wconf 84' lang='lat' dir='ltr'><strong>pertinet</strong></span> <span class='ocrx_word' id='word_1_49' title='bbox 985 670 1085 709; x_wconf 87' lang='lat' dir='ltr'><strong>versus</strong></span> <span class='ocrx_word' id='word_1_50' title='bbox 1095 653 1114 711; x_wconf 88' lang='lat' dir='ltr'>J</span> <span class='ocrx_word' id='word_1_51' title='bbox 1118 652 1258 722; x_wconf 80' lang='lat' dir='ltr'><strong>uvenalis,</strong></span> <span class='ocrx_word' id='word_1_52' title='bbox 1274 656 1304 726; x_wconf 80' lang='lat'><strong>2,</strong></span> 
     </span>
     <span class='ocr_line' id='line_1_6' title="bbox 236 727 1302 810; baseline 0 -20"><span class='ocrx_word' id='word_1_53' title='bbox 236 733 302 791; x_wconf 76' lang='lat'><strong>136.</strong></span> <span class='ocrx_word' id='word_1_54' title='bbox 343 730 428 790; x_wconf 81' lang='lat' dir='ltr'><strong><em>Fient</em></strong></span> <span class='ocrx_word' id='word_1_55' title='bbox 449 737 504 789; x_wconf 84' lang='lat' dir='ltr'><strong>ista</strong></span> <span class='ocrx_word' id='word_1_56' title='bbox 519 727 630 808; x_wconf 84' lang='lat' dir='ltr'><strong>palam,</strong></span> <span class='ocrx_word' id='word_1_57' title='bbox 653 730 767 810; x_wconf 83' lang='lat' dir='ltr'><strong>cupient</strong></span> <span class='ocrx_word' id='word_1_58' title='bbox 786 741 815 787; x_wconf 90' lang='lat' dir='ltr'><strong>et</strong></span> <span class='ocrx_word' id='word_1_59' title='bbox 833 731 864 787; x_wconf 84' lang='lat' dir='ltr'><strong>iu</strong></span> <span class='ocrx_word' id='word_1_60' title='bbox 882 740 944 789; x_wconf 83' lang='lat' dir='ltr'><strong>acta</strong></span> <span class='ocrx_word' id='word_1_61' title='bbox 966 731 1075 808; x_wconf 65' lang='lat' dir='ltr'><strong>afferri</strong></span> <span class='ocrx_word' id='word_1_62' title='bbox 1117 731 1192 789; x_wconf 81' lang='lat' dir='ltr'><strong>Haec</strong></span> <span class='ocrx_word' id='word_1_63' title='bbox 1205 743 1302 790; x_wconf 78' lang='lat' dir='ltr'><strong>setae</strong></span> 
     </span>
     <span class='ocr_line' id='line_1_7' title="bbox 234 807 1302 888; baseline -0.002 -20"><span class='ocrx_word' id='word_1_64' title='bbox 234 807 337 868; x_wconf 82' lang='lat' dir='ltr'><strong>scribis</strong></span> <span class='ocrx_word' id='word_1_65' title='bbox 351 808 570 888; x_wconf 79' lang='lat' dir='ltr'><strong>tabellariisque</strong></span> <span class='ocrx_word' id='word_1_66' title='bbox 579 808 718 868; x_wconf 83' lang='lat' dir='ltr'><strong>confecta</strong></span> <span class='ocrx_word' id='word_1_67' title='bbox 727 807 873 878; x_wconf 90' lang='lat' dir='ltr'><strong>videntur,</strong></span> <span class='ocrx_word' id='word_1_68' title='bbox 884 821 915 868; x_wconf 90' lang='lat' dir='ltr'><strong>et</strong></span> <span class='ocrx_word' id='word_1_69' title='bbox 925 809 963 868; x_wconf 81' lang='lat' dir='ltr'><strong>sd</strong></span> <span class='ocrx_word' id='word_1_70' title='bbox 978 811 1095 868; x_wconf 86' lang='lat' dir='ltr'><strong>Atrium</strong></span> <span class='ocrx_word' id='word_1_71' title='bbox 1104 807 1263 868; x_wconf 78' lang='lat' dir='ltr'><strong>Libertatis</strong></span> <span class='ocrx_word' id='word_1_72' title='bbox 1272 810 1302 866; x_wconf 91' lang='lat' dir='ltr'><strong>in</strong></span> 
     </span>
     <span class='ocr_line' id='line_1_8' title="bbox 233 887 1320 966; baseline 0 -20"><span class='ocrx_word' id='word_1_73' title='bbox 233 887 378 947; x_wconf 77' lang='lat' dir='ltr'><strong>tabulario</strong></span> <span class='ocrx_word' id='word_1_74' title='bbox 393 888 554 948; x_wconf 82' lang='lat' dir='ltr'><strong>adservata.</strong></span> <span class='ocrx_word' id='word_1_75' title='bbox 595 887 695 948; x_wconf 89' lang='lat' dir='ltr'><strong>Livius</strong></span> <span class='ocrx_word' id='word_1_76' title='bbox 708 892 759 956; x_wconf 77' lang='lat'><strong>43,</strong></span> <span class='ocrx_word' id='word_1_77' title='bbox 774 891 819 947; x_wconf 87' lang='lat'><strong>16.</strong></span> <span class='ocrx_word' id='word_1_78' title='bbox 860 887 997 948; x_wconf 83' lang='lat' dir='ltr'><strong>Censores</strong></span> <span class='ocrx_word' id='word_1_79' title='bbox 1005 887 1143 966; x_wconf 77' lang='lat' dir='ltr'><strong>tutemplo</strong></span> <span class='ocrx_word' id='word_1_80' title='bbox 1157 889 1188 947; x_wconf 84' lang='lat' dir='ltr'><strong>iu</strong></span> <span class='ocrx_word' id='word_1_81' title='bbox 1199 889 1304 947; x_wconf 87' lang='lat' dir='ltr'><strong>atrium</strong></span> <span class='ocrx_word' id='word_1_82' title='bbox 1317 921 1320 926; x_wconf 96' lang='lat'>·</span> 
     </span>
     <span class='ocr_line' id='line_1_9' title="bbox 234 965 1305 1048; baseline 0 -22"><span class='ocrx_word' id='word_1_83' title='bbox 234 966 410 1041; x_wconf 80' lang='lat' dir='ltr'><strong>Libertatis†</strong></span> <span class='ocrx_word' id='word_1_84' title='bbox 432 968 622 1037; x_wconf 79' lang='lat' dir='ltr'><strong>ascenderunt,</strong></span> <span class='ocrx_word' id='word_1_85' title='bbox 642 979 670 1025; x_wconf 88' lang='lat' dir='ltr'><strong>et</strong></span> <span class='ocrx_word' id='word_1_86' title='bbox 686 966 727 1026; x_wconf 81' lang='lat' dir='ltr'><strong>itt</strong></span> <span class='ocrx_word' id='word_1_87' title='bbox 746 966 868 1046; x_wconf 83' lang='lat' dir='ltr'><strong>signatis</strong></span> <span class='ocrx_word' id='word_1_88' title='bbox 884 965 995 1027; x_wconf 82' lang='lat' dir='ltr'><strong>tabellis</strong></span> <span class='ocrx_word' id='word_1_89' title='bbox 1011 968 1134 1048; x_wconf 81' lang='lat' dir='ltr'><strong>publicis</strong></span> <span class='ocrx_word' id='word_1_90' title='bbox 1155 969 1305 1046; x_wconf 88' lang='lat' dir='ltr'><strong>clausoque</strong></span> 
     </span>
     <span class='ocr_line' id='line_1_10' title="bbox 235 1045 1304 1124; baseline 0.001 -20"><span class='ocrx_word' id='word_1_91' title='bbox 235 1045 374 1106; x_wconf 81' lang='lat' dir='ltr'><strong>tabulario</strong></span> <span class='ocrx_word' id='word_1_92' title='bbox 388 1055 416 1104; x_wconf 89' lang='lat' dir='ltr'><strong>et</strong></span> <span class='ocrx_word' id='word_1_93' title='bbox 430 1047 550 1107; x_wconf 84' lang='lat' dir='ltr'><strong>dimissis</strong></span> <span class='ocrx_word' id='word_1_94' title='bbox 560 1046 681 1124; x_wconf 78' lang='lat' dir='ltr'><strong>publicis</strong></span> <span class='ocrx_word' id='word_1_95' title='bbox 693 1045 788 1106; x_wconf 68' lang='lat' dir='ltr'><strong>servu.</strong></span> <span class='ocrx_word' id='word_1_96' title='bbox 803 1088 810 1102; x_wconf 93' lang='lat'>.</span> <span class='ocrx_word' id='word_1_97' title='bbox 825 1093 831 1106; x_wconf 93' lang='lat'><em>.</em></span> <span class='ocrx_word' id='word_1_98' title='bbox 846 1087 854 1102; x_wconf 86' lang='lat'><strong>.</strong></span> <span class='ocrx_word' id='word_1_99' title='bbox 869 1046 926 1105; x_wconf 77' lang='lat' dir='ltr'><strong>cni</strong></span> <span class='ocrx_word' id='word_1_100' title='bbox 939 1058 1025 1106; x_wconf 84' lang='lat' dir='ltr'><strong>vetus</strong></span> <span class='ocrx_word' id='word_1_101' title='bbox 1039 1045 1192 1124; x_wconf 86' lang='lat' dir='ltr'><strong>inscriptio</strong></span> <span class='ocrx_word' id='word_1_102' title='bbox 1211 1050 1304 1107; x_wconf 77' lang='lat' dir='ltr'><strong>Curu-</strong></span> 
     </span>
     <span class='ocr_line' id='line_1_11' title="bbox 234 1124 1302 1206; baseline 0.001 -24"><span class='ocrx_word' id='word_1_103' title='bbox 234 1135 313 1184; x_wconf 87' lang='lat' dir='ltr'><strong>tores</strong></span> <span class='ocrx_word' id='word_1_104' title='bbox 327 1135 426 1184; x_wconf 81' lang='lat' dir='ltr'><strong>tamen</strong></span> <span class='ocrx_word' id='word_1_105' title='bbox 447 1126 589 1206; x_wconf 86' lang='lat' dir='ltr'><strong>quosdam</strong></span> <span class='ocrx_word' id='word_1_106' title='bbox 610 1124 744 1202; x_wconf 83' lang='lat' dir='ltr'>adsignat</span> <span class='ocrx_word' id='word_1_107' title='bbox 766 1125 859 1202; x_wconf 86' lang='lat' dir='ltr'><strong>(apud</strong></span> <span class='ocrx_word' id='word_1_108' title='bbox 879 1125 966 1185; x_wconf 90' lang='lat' dir='ltr'><strong>Grut.</strong></span> <span class='ocrx_word' id='word_1_109' title='bbox 981 1145 1009 1204; x_wconf 90' lang='lat' dir='ltr'><strong>p.</strong></span> <span class='ocrx_word' id='word_1_110' title='bbox 1025 1129 1094 1194; x_wconf 77' lang='lat'><strong>237,</strong></span> <span class='ocrx_word' id='word_1_111' title='bbox 1110 1131 1153 1203; x_wconf 85' lang='lat'><strong>8.)</strong></span> <span class='ocrx_word' id='word_1_112' title='bbox 1176 1147 1202 1185; x_wconf 88' lang='lat' dir='ltr'><strong>c.</strong></span> <span class='ocrx_word' id='word_1_113' title='bbox 1222 1143 1302 1185; x_wconf 78' lang='lat' dir='ltr'><strong>cnt-</strong></span> 
     </span>
     <span class='ocr_line' id='line_1_12' title="bbox 234 1218 1303 1264; baseline 0 0"><span class='ocrx_word' id='word_1_114' title='bbox 234 1221 391 1264; x_wconf 75' lang='lat' dir='ltr'><strong>Parnuvs.</strong></span> <span class='ocrx_word' id='word_1_115' title='bbox 412 1223 556 1264; x_wconf 72' lang='lat' dir='ltr'><strong>senatvs,</strong></span> <span class='ocrx_word' id='word_1_116' title='bbox 578 1218 855 1264; x_wconf 77' lang='lat' dir='ltr'><strong>sux.Mrsrnon1vs.</strong></span> <span class='ocrx_word' id='word_1_117' title='bbox 875 1222 909 1260; x_wconf 85' lang='lat' dir='ltr'><strong>m.</strong></span> <span class='ocrx_word' id='word_1_118' title='bbox 930 1222 1117 1264; x_wconf 65' lang='lat' dir='ltr'><strong>renuerent.</strong></span> <span class='ocrx_word' id='word_1_119' title='bbox 1142 1222 1256 1264; x_wconf 74' lang='lat' dir='ltr'><strong>cunco.</strong></span> <span class='ocrx_word' id='word_1_120' title='bbox 1275 1223 1303 1264; x_wconf 82' lang='lat' dir='ltr'><strong>r.</strong></span> 
     </span>
     <span class='ocr_line' id='line_1_13' title="bbox 235 1285 1304 1345; baseline 0 -2"><span class='ocrx_word' id='word_1_121' title='bbox 235 1299 384 1343; x_wconf 77' lang='lat' dir='ltr'><strong>snrnrvs.</strong></span> <span class='ocrx_word' id='word_1_122' title='bbox 399 1301 569 1344; x_wconf 81' lang='lat' dir='ltr'><strong>nncrnnvs.</strong></span> <span class='ocrx_word' id='word_1_123' title='bbox 591 1299 793 1343; x_wconf 73' lang='lat' dir='ltr'><strong>canaronrs.</strong></span> <span class='ocrx_word' id='word_1_124' title='bbox 809 1299 930 1341; x_wconf 81' lang='lat' dir='ltr'><strong>rnnvn.</strong></span> <span class='ocrx_word' id='word_1_125' title='bbox 953 1303 1042 1345; x_wconf 80' lang='lat' dir='ltr'><strong>rvnr.</strong></span> <span class='ocrx_word' id='word_1_126' title='bbox 1061 1301 1128 1344; x_wconf 72' lang='lat' dir='ltr'><strong>ric.</strong></span> <span class='ocrx_word' id='word_1_127' title='bbox 1144 1300 1218 1343; x_wconf 81' lang='lat' dir='ltr'><strong>cvr.</strong></span> <span class='ocrx_word' id='word_1_128' title='bbox 1260 1285 1304 1343; x_wconf 88' lang='lat' dir='ltr'><strong>At</strong></span> 
     </span>
     <span class='ocr_line' id='line_1_14' title="bbox 235 1361 1303 1440; baseline -0.001 -19"><span class='ocrx_word' id='word_1_129' title='bbox 235 1381 274 1421; x_wconf 79' lang='lat' dir='ltr'><strong>ex</strong></span> <span class='ocrx_word' id='word_1_130' title='bbox 298 1362 394 1422; x_wconf 81' lang='lat' dir='ltr'><strong>Taciti</strong></span> <span class='ocrx_word' id='word_1_131' title='bbox 412 1367 459 1432; x_wconf 78' lang='lat'><strong>13,</strong></span> <span class='ocrx_word' id='word_1_132' title='bbox 481 1366 528 1422; x_wconf 80' lang='lat'><strong>28.</strong></span> <span class='ocrx_word' id='word_1_133' title='bbox 543 1361 675 1440; x_wconf 82' lang='lat' dir='ltr'><strong>colligas,</strong></span> <span class='ocrx_word' id='word_1_134' title='bbox 700 1381 800 1421; x_wconf 84' lang='lat' dir='ltr'><strong>curam</strong></span> <span class='ocrx_word' id='word_1_135' title='bbox 822 1381 886 1420; x_wconf 87' lang='lat' dir='ltr'><strong>eam</strong></span> <span class='ocrx_word' id='word_1_136' title='bbox 908 1364 1110 1428; x_wconf 81' lang='lat' dir='ltr'><strong>Quaestoribus</strong></span> <span class='ocrx_word' id='word_1_137' title='bbox 1132 1361 1231 1432; x_wconf 85' lang='lat' dir='ltr'><strong>fuisso,</strong></span> <span class='ocrx_word' id='word_1_138' title='bbox 1251 1373 1303 1421; x_wconf 82' lang='lat' dir='ltr'><strong>aut</strong></span> 
     </span>
     <span class='ocr_line' id='line_1_15' title="bbox 235 1440 1304 1520; baseline -0.004 -18"><span class='ocrx_word' id='word_1_139' title='bbox 235 1440 330 1502; x_wconf 79' lang='lat' dir='ltr'><strong>aerurii</strong></span> <span class='ocrx_word' id='word_1_140' title='bbox 344 1440 504 1500; x_wconf 82' lang='lat' dir='ltr'><strong>Praefectis.</strong></span> <span class='ocrx_word' id='word_1_141' title='bbox 545 1440 706 1520; x_wconf 71' lang='lat' dir='ltr'><strong>Principes,</strong></span> <span class='ocrx_word' id='word_1_142' title='bbox 721 1441 826 1520; x_wconf 91' lang='lat' dir='ltr'><strong>inquit,</strong></span> <span class='ocrx_word' id='word_1_143' title='bbox 839 1462 937 1500; x_wconf 87' lang='lat' dir='ltr'><strong>curam</strong></span> <span class='ocrx_word' id='word_1_144' title='bbox 958 1442 1116 1501; x_wconf 83' lang='lat' dir='ltr'><strong>tabularum</strong></span> <span class='ocrx_word' id='word_1_145' title='bbox 1125 1442 1304 1520; x_wconf 78' lang='lat' dir='ltr'><strong>publicarum</strong></span> 
     </span>
     <span class='ocr_line' id='line_1_16' title="bbox 235 1519 1304 1654; baseline -0.002 -72"><span class='ocrx_word' id='word_1_146' title='bbox 235 1542 253 1582; x_wconf 84' lang='lat' dir='ltr'><strong>a</strong></span> <span class='ocrx_word' id='word_1_147' title='bbox 279 1519 469 1588; x_wconf 80' lang='lat' dir='ltr'><strong>Quoestoribus</strong></span> <span class='ocrx_word' id='word_1_148' title='bbox 490 1521 530 1579; x_wconf 80' lang='lat' dir='ltr'><strong>aa</strong></span> <span class='ocrx_word' id='word_1_149' title='bbox 547 1520 710 1654; x_wconf 64' lang='lat' dir='ltr'><strong>Prcplectos</strong></span> <span class='ocrx_word' id='word_1_150' title='bbox 728 1519 881 1579; x_wconf 80' lang='lat' dir='ltr'><strong>transtulit.</strong></span> <span class='ocrx_word' id='word_1_151' title='bbox 922 1521 1027 1600; x_wconf 87' lang='lat' dir='ltr'><strong>quue</strong></span> <span class='ocrx_word' id='word_1_152' title='bbox 1051 1521 1133 1591; x_wconf 86' lang='lat' dir='ltr'><strong>facit,</strong></span> <span class='ocrx_word' id='word_1_153' title='bbox 1160 1521 1240 1598; x_wconf 89' lang='lat' dir='ltr'><strong>quod</strong></span> <span class='ocrx_word' id='word_1_154' title='bbox 1260 1521 1304 1580; x_wconf 90' lang='lat' dir='ltr'><strong>M.</strong></span> 
     </span>
     <span class='ocr_line' id='line_1_17' title="bbox 233 1599 1305 1677; baseline -0.004 -17"><span class='ocrx_word' id='word_1_155' title='bbox 233 1599 371 1660; x_wconf 87' lang='lat' dir='ltr'><strong>Aurelius</strong></span> <span class='ocrx_word' id='word_1_156' title='bbox 398 1600 478 1676; x_wconf 82' lang='lat' dir='ltr'><strong>apud</strong></span> <span class='ocrx_word' id='word_1_157' title='bbox 499 1599 625 1677; x_wconf 86' lang='lat' dir='ltr'><strong>Capito.</strong></span> <span class='ocrx_word' id='word_1_158' title='bbox 652 1619 678 1657; x_wconf 87' lang='lat' dir='ltr'><strong>c.</strong></span> <span class='ocrx_word' id='word_1_159' title='bbox 699 1603 726 1662; x_wconf 84' lang='lat'><strong>9.</strong></span> <span class='ocrx_word' id='word_1_160' title='bbox 751 1600 948 1677; x_wconf 83' lang='lat' dir='ltr'><strong>professiones</strong></span> <span class='ocrx_word' id='word_1_161' title='bbox 968 1600 1121 1657; x_wconf 90' lang='lat' dir='ltr'><strong>infantium</strong></span> <span class='ocrx_word' id='word_1_162' title='bbox 1146 1599 1246 1656; x_wconf 86' lang='lat' dir='ltr'><strong>retulit</strong></span> <span class='ocrx_word' id='word_1_163' title='bbox 1266 1599 1305 1657; x_wconf 85' lang='lat' dir='ltr'><strong>ad</strong></span> 
     </span>
     <span class='ocr_line' id='line_1_18' title="bbox 235 1676 1304 1756; baseline -0.005 -17"><span class='ocrx_word' id='word_1_164' title='bbox 235 1677 329 1739; x_wconf 80' lang='lat' dir='ltr'><strong>aerurii</strong></span> <span class='ocrx_word' id='word_1_165' title='bbox 344 1678 513 1736; x_wconf 66' lang='lat' dir='ltr'><strong>Praefectos.</strong></span> <span class='ocrx_word' id='word_1_166' title='bbox 554 1677 703 1736; x_wconf 81' lang='lat' dir='ltr'><strong>Tabularii</strong></span> <span class='ocrx_word' id='word_1_167' title='bbox 717 1678 828 1738; x_wconf 91' lang='lat' dir='ltr'><strong>mentio</strong></span> <span class='ocrx_word' id='word_1_168' title='bbox 848 1679 936 1738; x_wconf 84' lang='lat' dir='ltr'><strong>etiam</strong></span> <span class='ocrx_word' id='word_1_169' title='bbox 951 1677 1103 1748; x_wconf 90' lang='lat' dir='ltr'><strong>Ciceroni,·</strong></span> <span class='ocrx_word' id='word_1_170' title='bbox 1113 1696 1167 1756; x_wconf 90' lang='lat' dir='ltr'><strong>pro</strong></span> <span class='ocrx_word' id='word_1_171' title='bbox 1182 1676 1304 1736; x_wconf 82' lang='lat' dir='ltr'><strong>Rabirio</strong></span> 
     </span>
     <span class='ocr_line' id='line_1_19' title="bbox 257 1755 1304 1836; baseline -0.002 -20"><span class='ocrx_word' id='word_1_172' title='bbox 257 1757 444 1816; x_wconf 84' lang='lat' dir='ltr'><strong>erduellionis</strong></span> <span class='ocrx_word' id='word_1_173' title='bbox 469 1777 519 1816; x_wconf 89' lang='lat' dir='ltr'><strong>reo</strong></span> <span class='ocrx_word' id='word_1_174' title='bbox 542 1778 569 1816; x_wconf 90' lang='lat' dir='ltr'><strong>c.</strong></span> <span class='ocrx_word' id='word_1_175' title='bbox 592 1762 620 1818; x_wconf 89' lang='lat'><strong>3.</strong></span> <span class='ocrx_word' id='word_1_176' title='bbox 661 1755 845 1836; x_wconf 85' lang='lat' dir='ltr'><strong>Virgilioque</strong></span> <span class='ocrx_word' id='word_1_177' title='bbox 869 1758 980 1835; x_wconf 86' lang='lat' dir='ltr'><strong>Georg.</strong></span> <span class='ocrx_word' id='word_1_178' title='bbox 1002 1762 1032 1829; x_wconf 67' lang='lat'><strong>2,</strong></span> <span class='ocrx_word' id='word_1_179' title='bbox 1053 1760 1123 1816; x_wconf 80' lang='lat'><strong>502.</strong></span> <span class='ocrx_word' id='word_1_180' title='bbox 1142 1804 1149 1816; x_wconf 88' lang='lat'><strong>.</strong></span> <span class='ocrx_word' id='word_1_181' title='bbox 1235 1766 1304 1816; x_wconf 76' lang='lat' dir='ltr'><strong>,aut</strong></span> 
     </span>
     <span class='ocr_line' id='line_1_20' title="bbox 234 1778 1303 1914; baseline -0.002 -20"><span class='ocrx_word' id='word_1_182' title='bbox 234 1778 339 1914; x_wconf 70' lang='lat' dir='ltr'><strong>i&#39;opuli</strong></span> <span class='ocrx_word' id='word_1_183' title='bbox 366 1835 506 1896; x_wconf 80' lang='lat' dir='ltr'><strong>tabularia</strong></span> <span class='ocrx_word' id='word_1_184' title='bbox 534 1837 612 1895; x_wconf 84' lang='lat' dir='ltr'><strong>uidit.</strong></span> <span class='ocrx_word' id='word_1_185' title='bbox 653 1835 711 1894; x_wconf 90' lang='lat' dir='ltr'><strong>Ubi</strong></span> <span class='ocrx_word' id='word_1_186' title='bbox 741 1837 859 1896; x_wconf 84' lang='lat' dir='ltr'><strong>Servius</strong></span> <span class='ocrx_word' id='word_1_187' title='bbox 880 1837 1023 1914; x_wconf 74' lang='lat' dir='ltr'><strong>quadam.</strong></span> <span class='ocrx_word' id='word_1_188' title='bbox 1064 1834 1252 1914; x_wconf 86' lang='lat' dir='ltr'><strong>Lampridius</strong></span> <span class='ocrx_word' id='word_1_189' title='bbox 1274 1837 1303 1893; x_wconf 93' lang='lat' dir='ltr'><strong>in</strong></span> 
     </span>
     <span class='ocr_line' id='line_1_21' title="bbox 236 1914 1306 1976; baseline 0.001 -3"><span class='ocrx_word' id='word_1_190' title='bbox 236 1915 409 1974; x_wconf 78' lang='lat' dir='ltr'><strong>Alexandro</strong></span> <span class='ocrx_word' id='word_1_191' title='bbox 424 1935 451 1973; x_wconf 92' lang='lat' dir='ltr'><strong>c.</strong></span> <span class='ocrx_word' id='word_1_192' title='bbox 465 1921 514 1976; x_wconf 75' lang='lat'><strong>33.</strong></span> <span class='ocrx_word' id='word_1_193' title='bbox 528 1915 638 1973; x_wconf 84' lang='lat' dir='ltr'><strong>referre</strong></span> <span class='ocrx_word' id='word_1_194' title='bbox 659 1914 776 1974; x_wconf 87' lang='lat' dir='ltr'><strong>videtur</strong></span> <span class='ocrx_word' id='word_1_195' title='bbox 790 1928 924 1974; x_wconf 83' lang='lat' dir='ltr'><strong>actorum</strong></span> <span class='ocrx_word' id='word_1_196' title='bbox 938 1915 1154 1975; x_wconf 81' lang='lat' dir='ltr'><strong>coniectionem</strong></span> <span class='ocrx_word' id='word_1_197' title='bbox 1168 1915 1205 1972; x_wconf 85' lang='lat' dir='ltr'><strong>ad</strong></span> <span class='ocrx_word' id='word_1_198' title='bbox 1227 1917 1306 1974; x_wconf 82' lang='lat' dir='ltr'><strong>Prae·</strong></span> 
     </span>
     <span class='ocr_line' id='line_1_22' title="bbox 233 1994 1304 2073; baseline 0.002 -21"><span class='ocrx_word' id='word_1_199' title='bbox 233 1994 346 2052; x_wconf 86' lang='lat' dir='ltr'><strong>fectum</strong></span> <span class='ocrx_word' id='word_1_200' title='bbox 361 1994 457 2053; x_wconf 84' lang='lat' dir='ltr'><strong>urbis:</strong></span> <span class='ocrx_word' id='word_1_201' title='bbox 478 1995 561 2055; x_wconf 86' lang='lat' dir='ltr'><strong>Fecit</strong></span> <span class='ocrx_word' id='word_1_202' title='bbox 576 1996 687 2064; x_wconf 73' lang='lat' dir='ltr'><strong>Romae,</strong></span> <span class='ocrx_word' id='word_1_203' title='bbox 702 1995 808 2073; x_wconf 88' lang='lat' dir='ltr'><strong>inquit,</strong></span> <span class='ocrx_word' id='word_1_204' title='bbox 822 1996 974 2055; x_wconf 80' lang='lat' dir='ltr'><strong>Curatores</strong></span> <span class='ocrx_word' id='word_1_205' title='bbox 987 1995 1063 2053; x_wconf 81' lang='lat' dir='ltr'><strong>urbis</strong></span> <span class='ocrx_word' id='word_1_206' title='bbox 1077 1994 1164 2064; x_wconf 86' lang='lat' dir='ltr'><em>XIV,</em></span> <span class='ocrx_word' id='word_1_207' title='bbox 1181 1996 1228 2052; x_wconf 80' lang='lat' dir='ltr'><strong>sed</strong></span> <span class='ocrx_word' id='word_1_208' title='bbox 1237 1995 1304 2054; x_wconf 83' lang='lat' dir='ltr'><strong>Eu·</strong></span> 
     </span>
     <span class='ocr_line' id='line_1_23' title="bbox 236 2072 1307 2152; baseline -0.001 -19"><span class='ocrx_word' id='word_1_209' title='bbox 236 2072 398 2140; x_wconf 72' lang='lat' dir='ltr'><strong>consulares</strong></span> <span class='ocrx_word' id='word_1_210' title='bbox 415 2073 525 2149; x_wconf 76' lang='lat' dir='ltr'><strong>virosss,</strong></span> <span class='ocrx_word' id='word_1_211' title='bbox 544 2094 611 2151; x_wconf 87' lang='lat' dir='ltr'><strong>quos</strong></span> <span class='ocrx_word' id='word_1_212' title='bbox 631 2073 730 2132; x_wconf 81' lang='lat' dir='ltr'><strong>audire</strong></span> <span class='ocrx_word' id='word_1_213' title='bbox 749 2075 863 2152; x_wconf 79' lang='lat' dir='ltr'><strong>negotia</strong></span> <span class='ocrx_word' id='word_1_214' title='bbox 884 2076 961 2132; x_wconf 85' lang='lat' dir='ltr'><strong>urbis</strong></span> <span class='ocrx_word' id='word_1_215' title='bbox 972 2075 1074 2152; x_wconf 80' lang='lat' dir='ltr'><strong>jussit,</strong></span> <span class='ocrx_word' id='word_1_216' title='bbox 1096 2083 1127 2132; x_wconf 93' lang='lat' dir='ltr'><strong>ut</strong></span> <span class='ocrx_word' id='word_1_217' title='bbox 1144 2093 1236 2132; x_wconf 86' lang='lat' dir='ltr'><strong>omues</strong></span> <span class='ocrx_word' id='word_1_218' title='bbox 1256 2083 1307 2132; x_wconf 86' lang='lat' dir='ltr'><strong>aut</strong></span> 
     </span>
     <span class='ocr_line' id='line_1_24' title="bbox 234 2152 1307 2233; baseline 0 -21"><span class='ocrx_word' id='word_1_219' title='bbox 234 2173 425 2233; x_wconf 79' lang='lat' dir='ltr'><strong>magnopere</strong></span> <span class='ocrx_word' id='word_1_220' title='bbox 448 2153 585 2223; x_wconf 80' lang='lat' dir='ltr'><strong>adessent,</strong></span> <span class='ocrx_word' id='word_1_221' title='bbox 604 2174 665 2212; x_wconf 88' lang='lat' dir='ltr'><strong>cum</strong></span> <span class='ocrx_word' id='word_1_222' title='bbox 688 2163 752 2211; x_wconf 86' lang='lat' dir='ltr'><strong>acta</strong></span> <span class='ocrx_word' id='word_1_223' title='bbox 765 2153 893 2228; x_wconf 78' lang='lat' dir='ltr'><strong>fierent:</strong></span> <span class='ocrx_word' id='word_1_224' title='bbox 918 2153 972 2211; x_wconf 91' lang='lat' dir='ltr'><strong>sed</strong></span> <span class='ocrx_word' id='word_1_225' title='bbox 994 2152 1133 2230; x_wconf 81' lang='lat' dir='ltr'><strong>intelligit</strong></span> <span class='ocrx_word' id='word_1_226' title='bbox 1152 2152 1307 2230; x_wconf 82' lang='lat' dir='ltr'><strong>judiciaria</strong></span> 
     </span>
     <span class='ocr_line' id='line_1_25' title="bbox 235 2230 1305 2309; baseline -0.001 -18"><span class='ocrx_word' id='word_1_227' title='bbox 235 2244 313 2292; x_wconf 84' lang='lat' dir='ltr'><strong>acta.</strong></span> <span class='ocrx_word' id='word_1_228' title='bbox 352 2231 483 2290; x_wconf 85' lang='lat' dir='ltr'><strong>Fuerunt</strong></span> <span class='ocrx_word' id='word_1_229' title='bbox 497 2245 528 2290; x_wconf 90' lang='lat' dir='ltr'><strong>et</strong></span> <span class='ocrx_word' id='word_1_230' title='bbox 540 2231 666 2309; x_wconf 86' lang='lat' dir='ltr'><strong>registra</strong></span> <span class='ocrx_word' id='word_1_231' title='bbox 680 2230 815 2309; x_wconf 72' lang='lat' dir='ltr'><strong>quendam</strong></span> <span class='ocrx_word' id='word_1_232' title='bbox 830 2231 960 2309; x_wconf 81' lang='lat' dir='ltr'><strong>publice,</strong></span> <span class='ocrx_word' id='word_1_233' title='bbox 974 2242 1081 2309; x_wconf 84' lang='lat' dir='ltr'><strong>praeter</strong></span> <span class='ocrx_word' id='word_1_234' title='bbox 1094 2231 1160 2290; x_wconf 84' lang='lat' dir='ltr'><strong>haec</strong></span> <span class='ocrx_word' id='word_1_235' title='bbox 1179 2243 1256 2301; x_wconf 82' lang='lat' dir='ltr'><strong>acta,</strong></span> <span class='ocrx_word' id='word_1_236' title='bbox 1268 2231 1305 2290; x_wconf 91' lang='lat' dir='ltr'><strong>de</strong></span> 
     </span>
     <span class='ocr_line' id='line_1_26' title="bbox 236 2309 1306 2389; baseline 0 -21"><span class='ocrx_word' id='word_1_237' title='bbox 236 2309 343 2389; x_wconf 86' lang='lat' dir='ltr'><strong>quibus</strong></span> <span class='ocrx_word' id='word_1_238' title='bbox 360 2310 507 2388; x_wconf 88' lang='lat' dir='ltr'><strong>Vopiscus</strong></span> <span class='ocrx_word' id='word_1_239' title='bbox 529 2311 559 2368; x_wconf 91' lang='lat' dir='ltr'><strong>in</strong></span> <span class='ocrx_word' id='word_1_240' title='bbox 577 2312 691 2371; x_wconf 87' lang='lat' dir='ltr'><strong>Probo:</strong></span> <span class='ocrx_word' id='word_1_241' title='bbox 719 2311 795 2369; x_wconf 90' lang='lat' dir='ltr'><strong>Usus</strong></span> <span class='ocrx_word' id='word_1_242' title='bbox 811 2331 871 2367; x_wconf 87' lang='lat' dir='ltr'><strong>sum</strong></span> <span class='ocrx_word' id='word_1_243' title='bbox 892 2312 977 2369; x_wconf 85' lang='lat' dir='ltr'><strong>etiam</strong></span> <span class='ocrx_word' id='word_1_244' title='bbox 997 2310 1129 2389; x_wconf 79' lang='lat' dir='ltr'><strong>registris</strong></span> <span class='ocrx_word' id='word_1_245' title='bbox 1151 2311 1306 2369; x_wconf 83' lang='lat' dir='ltr'><strong>scribarum</strong></span> 
     </span>
     <span class='ocr_line' id='line_1_27' title="bbox 255 2388 1306 2471; baseline -0.001 -23"><span class='ocrx_word' id='word_1_246' title='bbox 255 2389 358 2448; x_wconf 85' lang='lat' dir='ltr'><strong>articus</strong></span> <span class='ocrx_word' id='word_1_247' title='bbox 372 2388 596 2471; x_wconf 73' lang='lat' dir='ltr'><strong>Porphyretica,</strong></span> <span class='ocrx_word' id='word_1_248' title='bbox 618 2391 690 2449; x_wconf 84' lang='lat' dir='ltr'><strong>actis</strong></span> <span class='ocrx_word' id='word_1_249' title='bbox 709 2391 793 2449; x_wconf 79' lang='lat' dir='ltr'><strong>etiam</strong></span> <span class='ocrx_word' id='word_1_250' title='bbox 817 2391 938 2449; x_wconf 84' lang='lat' dir='ltr'><strong>Senatus</strong></span> <span class='ocrx_word' id='word_1_251' title='bbox 951 2410 984 2448; x_wconf 87' lang='lat' dir='ltr'><strong>ac</strong></span> <span class='ocrx_word' id='word_1_252' title='bbox 998 2390 1115 2468; x_wconf 80' lang='lat' dir='ltr'><strong>Populi.</strong></span> <span class='ocrx_word' id='word_1_253' title='bbox 1155 2389 1306 2448; x_wconf 78' lang='lat' dir='ltr'><strong>Perierunt</strong></span> 
     </span>
     <span class='ocr_line' id='line_1_28' title="bbox 231 2411 1303 2550; baseline 0 -24"><span class='ocrx_word' id='word_1_254' title='bbox 231 2411 299 2526; x_wconf 53' lang='grc' dir='ltr'><strong>ἷκε</strong></span> <span class='ocrx_word' id='word_1_255' title='bbox 314 2468 508 2546; x_wconf 83' lang='lat' dir='ltr'><strong>publicaacta</strong></span> <span class='ocrx_word' id='word_1_256' title='bbox 525 2470 701 2550; x_wconf 69' lang='grc' dir='ltr'>(γράμματα</span> <span class='ocrx_word' id='word_1_257' title='bbox 716 2467 837 2546; x_wconf 78' lang='grc' dir='ltr'><em>δημόσια</em></span> <span class='ocrx_word' id='word_1_258' title='bbox 848 2468 978 2547; x_wconf 83' lang='lat' dir='ltr'><strong>appellat</strong></span> <span class='ocrx_word' id='word_1_259' title='bbox 988 2468 1062 2542; x_wconf 92' lang='lat' dir='ltr'><strong>Dio)</strong></span> <span class='ocrx_word' id='word_1_260' title='bbox 1076 2487 1135 2547; x_wconf 84' lang='lat' dir='ltr'><strong>qua</strong></span> <span class='ocrx_word' id='word_1_261' title='bbox 1146 2478 1303 2539; x_wconf 84' lang='lat' dir='ltr'><strong>vetustate,</strong></span> 
     </span>
     <span class='ocr_line' id='line_1_29' title="bbox 236 2547 1304 2626; baseline -0.001 -20"><span class='ocrx_word' id='word_1_262' title='bbox 236 2565 296 2626; x_wconf 81' lang='lat' dir='ltr'><strong>qua</strong></span> <span class='ocrx_word' id='word_1_263' title='bbox 309 2547 462 2606; x_wconf 88' lang='lat' dir='ltr'><strong>incendio:</strong></span> <span class='ocrx_word' id='word_1_264' title='bbox 484 2549 536 2608; x_wconf 87' lang='lat' dir='ltr'><strong>sed</strong></span> <span class='ocrx_word' id='word_1_265' title='bbox 549 2549 696 2625; x_wconf 83' lang='lat' dir='ltr'><strong>reparavit</strong></span> <span class='ocrx_word' id='word_1_266' title='bbox 709 2550 804 2626; x_wconf 90' lang='lat' dir='ltr'><strong>primo</strong></span> <span class='ocrx_word' id='word_1_267' title='bbox 813 2547 985 2625; x_wconf 83' lang='lat' dir='ltr'><strong>Principutu</strong></span> <span class='ocrx_word' id='word_1_268' title='bbox 994 2567 1048 2605; x_wconf 91' lang='lat' dir='ltr'><strong>suo</strong></span> <span class='ocrx_word' id='word_1_269' title='bbox 1058 2547 1203 2616; x_wconf 86' lang='lat' dir='ltr'><strong>Tiberius,</strong></span> <span class='ocrx_word' id='word_1_270' title='bbox 1212 2548 1304 2605; x_wconf 89' lang='lat' dir='ltr'><strong>tribus</strong></span> 
     </span>
     <span class='ocr_line' id='line_1_30' title="bbox 238 2625 1304 2703; baseline 0 -19"><span class='ocrx_word' id='word_1_271' title='bbox 238 2625 430 2684; x_wconf 83' lang='lat' dir='ltr'><strong>Senatoribus</strong></span> <span class='ocrx_word' id='word_1_272' title='bbox 454 2627 492 2684; x_wconf 83' lang='lat' dir='ltr'><strong>ad</strong></span> <span class='ocrx_word' id='word_1_273' title='bbox 516 2626 743 2684; x_wconf 90' lang='lat' dir='ltr'><strong>describendum</strong></span> <span class='ocrx_word' id='word_1_274' title='bbox 762 2627 1055 2703; x_wconf 86' lang='lat' dir='ltr'><strong>conquirendumque</strong></span> <span class='ocrx_word' id='word_1_275' title='bbox 1077 2625 1203 2684; x_wconf 84' lang='lat' dir='ltr'><strong>dilectis.</strong></span> <span class='ocrx_word' id='word_1_276' title='bbox 1243 2626 1304 2684; x_wconf 85' lang='lat' dir='ltr'><strong>Adi</strong></span> 
     </span>
     <span class='ocr_line' id='line_1_31' title="bbox 237 2704 1306 2784; baseline -0.002 -20"><span class='ocrx_word' id='word_1_277' title='bbox 237 2705 377 2765; x_wconf 76' lang='lat' dir='ltr'><strong>Graecum</strong></span> <span class='ocrx_word' id='word_1_278' title='bbox 400 2725 467 2763; x_wconf 87' lang='lat' dir='ltr'><strong>eum</strong></span> <span class='ocrx_word' id='word_1_279' title='bbox 489 2705 661 2784; x_wconf 81' lang='lat' dir='ltr'><strong>scriptorem</strong></span> <span class='ocrx_word' id='word_1_280' title='bbox 682 2708 732 2772; x_wconf 81' lang='lat'><strong>57,</strong></span> <span class='ocrx_word' id='word_1_281' title='bbox 755 2708 801 2766; x_wconf 87' lang='grc'><strong>16.</strong></span> <span class='ocrx_word' id='word_1_282' title='bbox 823 2705 853 2761; x_wconf 90' lang='lat' dir='ltr'><strong>in</strong></span> <span class='ocrx_word' id='word_1_283' title='bbox 877 2704 950 2764; x_wconf 85' lang='lat' dir='ltr'><strong>actis</strong></span> <span class='ocrx_word' id='word_1_284' title='bbox 966 2705 1034 2763; x_wconf 89' lang='lat' dir='ltr'><strong>anni</strong></span> <span class='ocrx_word' id='word_1_285' title='bbox 1054 2707 1123 2768; x_wconf 84' lang='lat'><strong>769.</strong></span> <span class='ocrx_word' id='word_1_286' title='bbox 1163 2704 1237 2762; x_wconf 87' lang='lat' dir='ltr'><strong>Dixi</strong></span> <span class='ocrx_word' id='word_1_287' title='bbox 1250 2706 1306 2772; x_wconf 75' lang='lat' dir='ltr'><strong>ista</strong></span> 
     </span>
     <span class='ocr_line' id='line_1_32' title="bbox 237 2771 1306 2862; baseline 0 -20"><span class='ocrx_word' id='word_1_288' title='bbox 237 2784 367 2854; x_wconf 88' lang='lat' dir='ltr'><strong>uberius,</strong></span> <span class='ocrx_word' id='word_1_289' title='bbox 382 2771 414 2842; x_wconf 76' lang='lat' dir='ltr'><strong>e‘t</strong></span> <span class='ocrx_word' id='word_1_290' title='bbox 425 2796 534 2862; x_wconf 87' lang='lat' dir='ltr'><strong>praeter</strong></span> <span class='ocrx_word' id='word_1_291' title='bbox 544 2802 617 2855; x_wconf 90' lang='lat' dir='ltr'><strong>rem,</strong></span> <span class='ocrx_word' id='word_1_292' title='bbox 628 2794 661 2840; x_wconf 92' lang='lat' dir='ltr'><strong>ut</strong></span> <span class='ocrx_word' id='word_1_293' title='bbox 672 2794 821 2842; x_wconf 85' lang='lat' dir='ltr'><strong>constaret</strong></span> <span class='ocrx_word' id='word_1_294' title='bbox 831 2783 860 2840; x_wconf 91' lang='lat' dir='ltr'><strong>in</strong></span> <span class='ocrx_word' id='word_1_295' title='bbox 868 2794 953 2862; x_wconf 82' lang='lat' dir='ltr'><strong>parte</strong></span> <span class='ocrx_word' id='word_1_296' title='bbox 962 2785 1120 2861; x_wconf 87' lang='lat' dir='ltr'><strong>juventuti,</strong></span> <span class='ocrx_word' id='word_1_297' title='bbox 1132 2803 1199 2862; x_wconf 86' lang='lat' dir='ltr'><strong>quae</strong></span> <span class='ocrx_word' id='word_1_298' title='bbox 1208 2795 1306 2843; x_wconf 88' lang='lat' dir='ltr'><strong>essent</strong></span> 
     </span>
     <span class='ocr_line' id='line_1_33' title="bbox 235 2862 1307 2941; baseline -0.002 -17"><span class='ocrx_word' id='word_1_299' title='bbox 235 2862 288 2924; x_wconf 83' lang='lat' dir='ltr'><strong>illa</strong></span> <span class='ocrx_word' id='word_1_300' title='bbox 309 2875 388 2935; x_wconf 79' lang='lat' dir='ltr'><strong>actu,</strong></span> <span class='ocrx_word' id='word_1_301' title='bbox 409 2883 533 2941; x_wconf 88' lang='lat' dir='ltr'><strong>quorum</strong></span> <span class='ocrx_word' id='word_1_302' title='bbox 553 2863 720 2920; x_wconf 86' lang='lat' dir='ltr'><strong>testimonio</strong></span> <span class='ocrx_word' id='word_1_303' title='bbox 740 2862 848 2920; x_wconf 90' lang='lat' dir='ltr'><strong>totiens</strong></span> <span class='ocrx_word' id='word_1_304' title='bbox 868 2873 969 2920; x_wconf 89' lang='lat' dir='ltr'><strong>noster</strong></span> <span class='ocrx_word' id='word_1_305' title='bbox 990 2863 1098 2940; x_wconf 87' lang='lat' dir='ltr'><strong>aliique</strong></span> <span class='ocrx_word' id='word_1_306' title='bbox 1118 2864 1147 2922; x_wconf 89' lang='lat' dir='ltr'><strong>in</strong></span> <span class='ocrx_word' id='word_1_307' title='bbox 1166 2863 1307 2922; x_wconf 82' lang='lat' dir='ltr'><strong>memoria</strong></span> 
     </span>
     <span class='ocr_line' id='line_1_34' title="bbox 236 2941 1221 3021; baseline -0.002 -19"><span class='ocrx_word' id='word_1_308' title='bbox 236 2961 335 3002; x_wconf 86' lang='lat' dir='ltr'><strong>rerum</strong></span> <span class='ocrx_word' id='word_1_309' title='bbox 350 2942 403 3012; x_wconf 87' lang='lat' dir='ltr'><strong>usi,</strong></span> <span class='ocrx_word' id='word_1_310' title='bbox 425 2961 550 3021; x_wconf 86' lang='lat' dir='ltr'><strong>quaeque</strong></span> <span class='ocrx_word' id='word_1_311' title='bbox 564 2941 665 3000; x_wconf 82' lang='lat' dir='ltr'><strong>habita</strong></span> <span class='ocrx_word' id='word_1_312' title='bbox 677 2961 795 3020; x_wconf 89' lang='lat' dir='ltr'><strong>semper</strong></span> <span class='ocrx_word' id='word_1_313' title='bbox 808 2941 937 3000; x_wconf 84' lang='lat' dir='ltr'><strong>historiae</strong></span> <span class='ocrx_word' id='word_1_314' title='bbox 950 2941 1072 3000; x_wconf 84' lang='lat' dir='ltr'><strong>materia</strong></span> <span class='ocrx_word' id='word_1_315' title='bbox 1085 2952 1116 3000; x_wconf 87' lang='lat' dir='ltr'><strong>et</strong></span> <span class='ocrx_word' id='word_1_316' title='bbox 1128 2959 1221 3021; x_wconf 84' lang='lat' dir='ltr'><strong>seges.</strong></span> 
     </span>
    </p>
   </div>
   <div class='ocr_carea' id='block_1_5' title="bbox 268 3102 1126 3295">
    <p class='ocr_par' dir='ltr' id='par_1_5' title="bbox 268 3102 1126 3295">
     <span class='ocr_line' id='line_1_35' title="bbox 270 3102 973 3164; baseline -0.004 -13"><span class='ocrx_word' id='word_1_317' title='bbox 270 3105 284 3134; x_wconf 74' lang='lat'>⁸</span> <span class='ocrx_word' id='word_1_318' title='bbox 297 3103 400 3152; x_wconf 80' lang='lat' dir='ltr'><strong>Fuluius</strong></span> <span class='ocrx_word' id='word_1_319' title='bbox 410 3108 489 3150; x_wconf 84' lang='lat' dir='ltr'><strong>tamea</strong></span> <span class='ocrx_word' id='word_1_320' title='bbox 500 3102 558 3163; x_wconf 75' lang='lat' dir='ltr'><strong>legit</strong></span> <span class='ocrx_word' id='word_1_321' title='bbox 568 3102 693 3159; x_wconf 66' lang='lat' dir='ltr'><strong>mundum</strong></span> <span class='ocrx_word' id='word_1_322' title='bbox 712 3102 739 3150; x_wconf 83' lang='lat' dir='ltr'><strong>de</strong></span> <span class='ocrx_word' id='word_1_323' title='bbox 749 3115 795 3164; x_wconf 85' lang='lat' dir='ltr'><strong>quo</strong></span> <span class='ocrx_word' id='word_1_324' title='bbox 804 3103 876 3148; x_wconf 74' lang='lat' dir='ltr'><strong>ettam</strong></span> <span class='ocrx_word' id='word_1_325' title='bbox 887 3103 973 3162; x_wconf 69' lang='lat' dir='ltr'><strong>cogita</strong></span> 
     </span>
     <span class='ocr_line' id='line_1_36' title="bbox 268 3163 1126 3236; baseline -0.002 -22"><span class='ocrx_word' id='word_1_326' title='bbox 268 3170 289 3230; x_wconf 53' lang='grc' dir='ltr'><strong>(γ</strong></span> <span class='ocrx_word' id='word_1_327' title='bbox 302 3169 355 3215; x_wconf 71' lang='lat' dir='ltr'><strong>Siue</strong></span> <span class='ocrx_word' id='word_1_328' title='bbox 366 3170 438 3214; x_wconf 79' lang='lat' dir='ltr'><strong>ettam</strong></span> <span class='ocrx_word' id='word_1_329' title='bbox 448 3168 522 3214; x_wconf 76' lang='lat' dir='ltr'><strong>adem</strong></span> <span class='ocrx_word' id='word_1_330' title='bbox 534 3168 707 3229; x_wconf 70' lang='lat' dir='ltr'><strong>Nympharum</strong></span> <span class='ocrx_word' id='word_1_331' title='bbox 717 3182 747 3218; x_wconf 82' lang='lat' dir='ltr'><strong>eu</strong></span> <span class='ocrx_word' id='word_1_332' title='bbox 760 3169 872 3216; x_wconf 75' lang='lat' dir='ltr'><strong>Cicerone</strong></span> <span class='ocrx_word' id='word_1_333' title='bbox 877 3181 926 3230; x_wconf 82' lang='lat' dir='ltr'><strong>pru</strong></span> <span class='ocrx_word' id='word_1_334' title='bbox 937 3165 1072 3236; x_wconf 35' lang='lat' dir='ltr'><strong>Milouehe.</strong></span> <span class='ocrx_word' id='word_1_335' title='bbox 1084 3163 1126 3212; x_wconf 81' lang='lat'><strong>27.</strong></span> 
     </span>
     <span class='ocr_line' id='line_1_37' title="bbox 272 3231 662 3295; baseline -0.003 -15"><span class='ocrx_word' id='word_1_336' title='bbox 272 3239 285 3294; x_wconf 70' lang='lat' dir='ltr'><strong>t</strong></span> <span class='ocrx_word' id='word_1_337' title='bbox 296 3231 362 3295; x_wconf 82' lang='lat' dir='ltr'><strong>Lege</strong></span> <span class='ocrx_word' id='word_1_338' title='bbox 371 3248 400 3280; x_wconf 82' lang='lat' dir='ltr'><strong>eu</strong></span> <span class='ocrx_word' id='word_1_339' title='bbox 414 3232 582 3282; x_wconf 74' lang='lat' dir='ltr'><strong>consularibus</strong></span> <span class='ocrx_word' id='word_1_340' title='bbox 594 3233 662 3279; x_wconf 71' lang='lat' dir='ltr'><strong>virts.</strong></span> 
     </span>
    </p>
   </div>
   <div class='ocr_carea' id='block_1_6' title="bbox 0 0 1528 4967">
    <p class='ocr_par' dir='ltr' id='par_1_6' title="bbox 0 0 1528 4967">
     <span class='ocr_line' id='line_1_38' title="bbox 0 0 1528 4967; baseline 0 0"><span class='ocrx_word' id='word_1_341' title='bbox 0 0 1528 4967; x_wconf 95' lang='lat' dir='ltr'><strong> </strong></span> 
     </span>
    </p>
   </div>
  </div>
 </body>
</html>
