3034 4967
444 256 551 315 JULlI
575 255 718 315 AGRIC.
738 256 851 319 VITA.
872 258 959 317 CAP.
973 259 1021 315 28.
1223 262 1261 318 et

205 420 314 483 virtuti
329 434 395 483 suae
409 418 545 483 invium:
566 419 786 505 penetrandam
803 418 1015 493 Caledoniam,
1030 416 1263 483 inveniendum-

205 529 269 591 que
283 504 408 569 tandem
424 503 595 571 Britanniae
606 504 774 569 terminum
783 505 931 569 cantiano
944 502 1126 591 proeliorum
1139 505 1264 583 cursn,'’

205 591 396 654 fremebant:
417 602 515 677 ‘atque
533 588 578 653 illi
595 590 689 655 modo
708 590 793 655 cauti
813 613 850 655 ac
866 590 1027 677 sapientes,
1042 589 1179 675 prompti
1193 602 1264 675 port

206 689 352 739 eventum
361 698 397 739 ac
406 674 600 760 magniloqui
614 690 708 739 erant.
742 675 940 761 Iniquissima
949 673 1016 739 haec
1030 672 1181 737 bellorum
1193 696 1265 739 eon·

206 760 284 825 ditio
297 775 363 824 est:
387 783 535 846 prospera
556 783 662 824 omnes
683 761 741 825 sibi
763 760 931 837 vindicant,
954 758 1084 823 adversa
1102 758 1157 822 uni
1174 758 1266 846 inpu-

207 858 322 909 tantur.
368 850 413 911 At
432 845 575 909 Britanni
595 868 658 909 nou
679 846 805 923 virtute,
827 846 880 909 sed
895 844 1053 908 occasione
1066 858 1097 906 et
1111 859 1177 907 arte
1192 867 1265 909 usos

207 930 276 1007 rati,
303 930 378 993 nihil
399 953 439 993 ex
459 930 642 1015 adrogantia
663 932 829 1008 remittere,
855 953 919 1016 quo
942 930 1046 993 minus
1064 930 1264 1014 juventutem

206 1028 373 1092 armarent,
395 1018 543 1101 conjuges
557 1039 592 1079 ac
606 1014 718 1081 liberos
729 1017 763 1078 in
778 1016 845 1079 loca
859 1029 927 1081 tuta
947 1014 1157 1092 transferrent,
1179 1015 1265 1077 crati·

206 1098 324 1163 husae
343 1100 496 1165 sacrificiis
514 1100 771 1186 conspirationem
792 1101 954 1164 civitatum
973 1098 1145 1163 sancirent:
1166 1114 1264 1185 ‚atque

206 1183 397 1255 itainritatis
411 1184 569 1270 utrimque
583 1185 693 1249 animis
707 1186 885 1249 discessum.

251 1269 423 1334 XXVIII.
447 1264 568 1333 Eadem
588 1284 694 1335 aestate
713 1271 824 1334 cohors
845 1270 1041 1356 Usipiorum,
1064 1291 1121 1356 per,
1135 1270 1267 1334 Germa·

206 1354 275 1419 nias
288 1354 469 1441 conscripta,
484 1355 517 1419 iu
530 1355 724 1419 Britanniam
737 1356 925 1432 transmissa,
937 1377 1087 1439 magnum
1101 1376 1138 1417 ac
1152 1376 1267 1417 memo-

207 1438 303 1503 rabile
317 1439 438 1503 facinus
453 1463 529 1504 ausa
543 1452 599 1504 est.
643 1440 753 1505 Occiso
769 1440 958 1505 centurione
972 1464 1009 1504 ac
1024 1438 1185 1517 militibus,
1197 1440 1265 1526 qui,

208 1524 249 1587 ad
272 1523 452 1589 tradendam
474 1525 666 1611 disciplinam
691 1525 813 1589 inmixti
836 1525 1012 1611 manipulis,
1034 1524 1213 1609 exemplum
1235 1536 1267 1589 et

207 1621 340 1691 rectores
359 1610 564 1687 habebantur,
585 1625 648 1675 tres
669 1610 846 1687 liburnicas,
866 1610 982 1675 adactis
1002 1632 1059 1697 per
1074 1610 1138 1672 vim
1153 1610 1268 1695 guber·

207 1693 376 1772 natatibus,
396 1695 601 1769 adscendere3
626 1710 657 1759 et
671 1719 735 1759 uno
755 1695 937 1781 remigante,
957 1695 1107 1781 suspectis
1129 1694 1265 1773 duobus,

193 1888 336 1952 ,preserfim
347 1888 388 1934 ubi
398 1890 532 1949 adjungitur
536 1893 617 1951 farsa
628 1892 652 1937 id
662 1890 721 1939 milri
752 1905 799 1938 noa
808 1892 932 1949 virtutem,
949 1893 989 1938 red
1004 1894 1145 1939 eccesiam
1158 1898 1182 1937 ct
1191 1896 1267 1937 arton

206 1952 340 1999 dicivrlim.
366 1949 462 1999 Clarum
473 1952 588 2014 estquod
598 1953 723 1997 aliasdici-
753 1956 832 1999 Dacia
843 1956 899 1998 rati.
1042 1958 1050 1977 ‘

208 2024 246 2062 tur
256 2014 390 2077 simpliciter
402 2016 500 2061 victoria
508 2017 583 2077 seror
594 2016 668 2071 miles,
682 2022 724 2061 aut
789 2013 1201 2081 iiagnumacmemcratite'sacinus]
1215 2016 1268 2067 Ho-

208 2081 296 2125 recenii
311 2096 333 2125 v.
343 2079 367 2140 s
385 2078 409 2133 id
419 2079 458 2124 hie
468 2094 521 2126 cum
533 2078 621 2139 duplici
632 2078 721 2125 addita·
753 2078 792 2125 dic
812 2078 943 2133 rideamus3
963 2087 989 2124 at
1005 2078 1061 2125 olim
1078 2079 1122 2127 boc
1137 2082 1197 2127 tanti
1213 2080 1266 2140 fuit,

208 2142 349 2189 merredici.
378 2142 504 2189 Victoriam
512 2142 722 2204 mileaetipsecre-
751 2142 1268 2206 quantinnncpmctrasscldagellarrisinum,

208 2206 277 2253 debat
287 2206 397 2269 amplam,
409 2214 432 2253 et
442 2206 505 2253 sama
515 2206 615 2253 ferebat:
634 2205 677 2254 buc
688 2215 722 2253 est
753 2216 777 2254 et
787 2208 866 2255 orbern
877 2206 940 2253 hunc
950 2206 1131 2255 ammiates
1164 2211 1268 2257 Ambro-

209 2270 345 2317 conscientia
353 2280 376 2318 et
383 2270 446 2318 fama
455 2270 560 2319 victoria.
580 2270 652 2317 Ean.
671 2270 722 2317 Do-
753 2272 801 2318 sius
812 2276 836 2319 3.
853 2270 968 2317 chaiim.
976 2270 1001 2326 3,
1010 2272 1033 2318 3.
1050 2272 1117 2317 Illud
1124 2280 1269 2335 magnumst

209 2333 303 2380 lendum
314 2335 415 2388 omnino,
433 2333 584 2381 eruditionem
595 2334 628 2383 sie
637 2344 723 2383 temere
752 2337 863 2382 inaurem
871 2336 1042 2395 mergendus,
1050 2342 1119 2396 atquc
1126 2339 1269 2387 latrantem

209 2396 334 2507 probrum.
360 2399 415 2445 Non
423 2397 461 2445 hic
472 2412 547 2445 serrno
557 2398 586 2446 de
596 2398 723 2447 consumis
753 2402 832 2446 nautis
843 2413 916 2455 mare,
929 2400 991 2461 quod
1002 2401 1142 2447 Britannias
1150 2403 1268 2463 sumenti

236 2461 284 2509 ucis
300 2462 340 2509 aad
357 2462 463 2525 victoria.
499 2462 558 2509 Hac
574 2471 652 2511 autem
668 2478 723 2510 con·
754 2465 854 2510 includit
872 2472 971 2523 aeqrsorr,
991 2469 1060 2523 atquc
1076 2466 1102 2509 in
1119 2466 1232 2512 murima
1245 2474 1268 2515 rt

210 2535 273 2572 stans
294 2534 336 2584 est,
359 2540 433 2589 quum
455 2525 520 2573 nulla
541 2524 605 2573 clade
626 2527 723 2589 polluta.
753 2530 811 2588 hirris
820 2528 913 2590 fabalia
924 2530 1136 2574 marcescerent
1149 2544 1173 2575 rc
1184 2532 1268 2591 porri-

209 2586 302 2646 Quidrri
317 2599 395 2637 antem
410 2605 437 2637 ca
450 2588 550 2637 victoriae
563 2591 686 2637 mactantis
700 2600 723 2638 et
750 2594 798 2650 git.
832 2590 885 2637 Hac
895 2598 973 2637 autern
985 2590 1175 2639 circumvectione
1184 2602 1269 2642 retecta

210 2653 641 2701 virtutissuefamafernxexercitua?
658 2654 723 2702 Bene
754 2655 884 2708 Britannia,
901 2663 925 2701 ct
942 2655 1019 2702 insula
1036 2657 1098 2703 bona
1118 2656 1165 2705 lida
1186 2672 1270 2721 appro·

210 2716 254 2763 hoc
270 2733 357 2765 oensere
373 2718 429 2780 Bip.
456 2718 533 2765 Sensit
549 2726 572 2765 et
591 2718 683 2765 Bahrdt
700 2728 723 2766 et
753 2721 815 2766 bata.
850 2718 951 2766 Dionem
972 2719 996 2765 in
1020 2720 1077 2767 Tito
1097 2720 1157 2769 vide.
1192 2722 1268 2772 Irrrt.

211 2778 325 2828 Blaterius
341 2790 363 2829 at
381 2796 483 2845 nuperus
501 2796 594 2844 qnoque
612 2783 723 2845 interpres
754 2782 799 2829 Vir
809 2783 975 2831 eruditissimus
988 2782 1147 2846 (Virdungus)
1158 2794 1181 2833 et
1195 2786 1269 2835 haud.

212 2842 303 2897 Gallus.
514 2868 516 2873 ·
555 2868 557 2873 ·
753 2849 1269 2924 quaquamrsiarqirrwr,(quilongema3or

243 2910 350 2956 Adversa
367 2914 409 2957 ani
425 2911 584 2974 imputantur]
610 2910 647 2957 Sic
664 2920 723 2959 recte
753 2909 903 2973 apparuisset.
918 2911 963 2958 nisi
977 2911 1018 2969 vira
1032 2922 1115 2959 notum
1130 2928 1179 2960 aurs
1193 2914 1269 2965 morbi

212 2972 355 3021 Rberranus:
368 2984 423 3023 ante
432 2982 481 3021 crat
489 2974 723 3036 prareaducrracrrm
753 2984 777 3022 ct
792 2984 916 3038 paupertas
933 2975 961 3021 de
977 2971 1180 3035 massennmihi
1198 2978 1269 3027 etiarn

212 3038 269 3099 inqu.
302 3037 373 3085 Ean.
752 3038 909 3103 interprimos
974 3040 1079 3086 scenae
1094 3055 1153 3088 merc
1168 3040 1269 3093 fautores

243 3102 304 3148 Arte
323 3104 400 3149 Ducis
419 3105 479 3166 rati]
504 3103 585 3150 Haeret
603 3102 723 3151 sententia.
753 3103 978 3162 venerabilissimis
987 3112 1084 3165 anguste
1092 3102 1188 3151 modum
1199 3105 1270 3167 hujrn

212 3164 327 3212 Putabam
336 3167 402 3223 olim,
417 3176 439 3214 et
447 3167 577 3230 eripiebam,
590 3173 642 3213 urta
650 3166 723 3213 Ducis
752 3166 860 3215 facinoris
870 3166 994 3289 metiturq

210 3231 273 3276 nicos
285 3233 349 3277 ratic
365 3245 428 3279 nunc
443 3232 517 3293 magis
531 3240 554 3278 et
569 3230 664 3293 propina
673 3246 724 3278 rer·
754 3231 882 3279 Britannia·
892 3230 983 3292 capiens
997 3263 1004 3277 .
1020 3229 1268 3304 'diognitudiubcjnq

111 3304 121 3321 ·
212 3292 253 3345 bis,
271 3297 459 3354 nopratvirtuie,
475 3297 723 3343 rcdoccasmncrtar-
754 3310 826 3358 quarn
842 3294 938 3342 Tadius
952 3293 1070 3357 intelligit,
1087 3298 1270 3361 parscxiguaet

211 3362 234 3403 te
250 3358 326 3407 Ducis
340 3361 451 3419 superati.
485 3359 547 3407 Nam
563 3358 629 3413 illud,
646 3373 722 3420 anper,
753 3359 849 3406 fortuita
872 3367 913 3413 est,
940 3373 1012 3421 quarn
1036 3360 1177 3422 precipuum
1202 3371 1270 3427 putat

211 3422 346 3482 compendio
360 3438 420 3486 sape
437 3424 555 3485 scriptum,
573 3431 597 3470 et
608 3422 674 3470 unica
684 3422 724 3469 lit-
750 3423 900 3485 ‘Virdurrgua
935 3422 1052 3485 Magnum
1063 3433 1112 3471 crat
1122 3435 1270 3475 etmcmora·

211 3495 273 3541 rera;
296 3502 348 3547 que
365 3496 388 3533 et
406 3487 429 3533 in
448 3486 493 3534 fine
512 3487 640 3535 anteeantis
660 3486 724 3534 verbi
753 3487 801 3535 bile
813 3486 855 3535 alr
870 3496 972 3551 tempore
984 3503 1012 3535 ac
1025 3489 1075 3535 loco
1090 3489 1147 3537 tales
1164 3490 1269 3539 rebellio·

208 3557 252 3595 sat
284 3550 410 3597 chrionc
422 3561 500 3597 autem
514 3551 586 3599 meros
598 3566 622 3597 ae
633 3552 722 3610 volunt,
754 3565 808 3597 nem
818 3550 903 3610 moliri,
921 3560 945 3599 st
955 3551 996 3598 uli
1006 3552 1075 3600 modo
1086 3554 1202 3617 tantisque
1212 3555 1269 3602 caai-

208 3611 266 3674 quia
273 3622 414 3675 superventu
431 3615 506 3662 subito
521 3614 636 3678 Αςήωὴ
647 3615 723 3678 (priua
754 3616 799 3662 bus
808 3631 836 3663 ac
846 3616 953 3679 periculis
965 3616 1088 3681 propositis
1098 3618 1203 3683 exsequi,
1215 3616 1269 3665 dein

210 3674 318 3737 proelium
334 3678 397 3741 vide)
417 3679 526 3739 oppressi.
561 3679 637 3727 Istra.
670 3678 722 3726 Alii
753 3680 884 3741 peremnia
894 3681 1105 3729 extrematamdiu
1115 3696 1269 3730 mumnosam

210 3744 401 3789 tentantrerbum
408 3745 464 3800 rati,
471 3742 542 3805 idque
547 3744 623 3799 varie;
631 3742 724 3790 frustra.
753 3743 825 3791 vitam
836 3744 924 3791 trahere
935 3759 962 3791 ac
972 3743 1063 3792 durare.
1096 3746 1206 3806 Inceptu,
1215 3759 1269 3807 pro·

209 3801 298 3851 Melina
314 3804 415 3867 Lipsius.
447 3806 517 3853 Forte
534 3817 611 3854 tamen
625 3820 667 3854 nec
678 3805 724 3853 dis·
753 3805 844 3868 fligatu,
861 3808 925 3855 exitu
940 3823 1053 3871 magnum
1066 3810 1110 3857 hoc
1121 3817 1143 3855 et
1151 3822 1269 3871 memora·

209 3868 294 3930 plicent
309 3876 360 3915 arte
377 3872 458 3917 nicius
474 3886 505 3919 sc.
522 3871 647 3919 Romanos.
680 3868 722 3917 Ad
753 3871 915 3927 bileiacinust
933 3886 979 3919 non
995 3888 1063 3920 cursu
1080 3880 1179 3927 tantum,
1197 3888 1268 3936 quem

209 3946 290 3977 meum
301 3932 394 3994 quidem
405 3949 498 3982 sensum
508 3936 533 3983 id
543 3934 638 3983 mollius
648 3943 689 3989 est,
700 3943 723 3981 et
752 3950 782 3983 ne
792 3932 922 3999 cogitaram
940 3936 1042 3999 quidem,
1060 3950 1115 3983 cum
1126 3949 1175 3981 rem
1186 3936 1269 4000 ingen.

205 3994 239 4042 ad
254 3996 371 4058 vulgatur
385 3997 506 4055 lectiam
521 4000 615 4061 propius
629 3998 723 4046 aecedm
753 3998 784 4046 tis
796 4000 847 4047 ausi
861 4002 1017 4062 susciperent;
1035 4012 1178 4062 quamquam
1190 4012 1213 4049 ct
1222 4001 1269 4051 hu-

208 4058 281 4109 Ean.
308 4060 721 4125 mumugnahacconjecturaaec
751 4064 915 4124 informant
944 4060 959 4075 ”
978 4062 1075 4111 miseriis
1087 4075 1208 4127 magnaei
1218 4083 1267 4117 ure-

206 4123 288 4172 minus
303 4124 345 4173 illa
360 4126 468 4186 Broterii,
485 4134 536 4179 arte
547 4142 571 4174 rc
582 4129 654 4175 nidor
665 4128 719 4174 rati.
753 4129 878 4177 murabilis.
912 4080 1003 4176 dison.

209 4186 334 4237 Proferam
345 4198 431 4250 umen,
440 4206 512 4254 quam
522 4190 615 4255 arripio,
626 4190 721 4255 Bipont
790 4191 1004 4254 Unorcmtgrarrte]
1013 4187 1268 4249 cam-erundum.

206 4258 330 4307 aruum,
344 4254 392 4305 scil.
403 4254 530 4314 Rumarros,
545 4255 655 4311 uimalis,
670 4260 721 4303 arte
753 4262 777 4311 ,ct
795 4257 819 4307 in
836 4258 936 4321 patriam
957 4264 1081 4316 maeante,
1101 4266 1129 4304 ut
1145 4258 1207 4322 capit
1227 4260 1268 4307 Pi.

207 4316 287 4365 Ducis
294 4331 352 4365 uror.
382 4318 503 4381 Ingeniosa
513 4334 605 4383 quoquc
617 4318 719 4367 FreInsln
753 4320 832 4369 chana
851 4320 906 4367 MS.
914 4316 970 4367 Vat
978 4320 1115 4381 remigum,
1122 4322 1189 4370 male.
1206 4322 1268 4371 Mox

988 3166 1270 3221 decircumvectioaesela
1339 3174 1342 3181 '
