3034 4967
224 265 278 322 trs
337 257 367 320 J.
379 253 501 317 mrsu
520 253 739 343 excussus
755 259 814 317 no
832 257 990 318 ruunt.
1005 259 1084 319 ms.
1098 259 1183 319 xm.

223 417 400 487 slsorros'sots
414 417 547 494 ἐπιθυμεῖ
556 416 644 478 δοῦναι
659 414 790 498 ἀργύριον
803 445 811 491 3
834 412 890 478 oin*
905 416 975 478 ἀλλ’
987 414 1026 479 itt
1042 420 1226 498 φαντάζεται,
1239 429 1297 478 etc.

227 499 260 558 ln
282 515 342 575 quo
363 495 432 555 loco
451 495 531 566 vide,
556 507 589 554 ut
609 496 748 556 caecutiat
772 497 815 554 vir
836 497 907 558 alias
932 497 1048 557 doctus.
1089 499 1167 558 Nam
1185 497 1293 556 vertit:

225 577 331 637 Seruus
345 576 373 634 io
406 575 485 634 rimis
499 575 576 655 sapit
588 595 619 634 se
631 575 737 636 donari
748 575 888 638 libertate.
931 576 1024 644 Quom
1038 577 1073 638 ob
1086 581 1241 638 caussam?
1259 597 1296 634 on

225 656 292 736 quio
306 598 447 714 desiderat
457 674 511 736 pro
526 665 629 714 tessera
644 656 827 716 vendentibus
840 666 989 736 argentam
1003 661 1179 716 comeare?
1219 656 1298 722 Non,

226 735 277 796 sed
292 733 359 812 qaia
373 733 518 814 opinatur,
537 745 590 793 etr.
632 733 672 793 Et
685 733 715 792 in
735 735 813 793 notis
828 735 879 804 ait,
897 734 1061 815 elrorror'epr
1075 755 1150 804 esse,
1165 736 1215 814 qui
1236 753 1298 791 rem

228 813 300 874 emit
311 813 444 871 exhibito
459 813 543 890 signo
554 824 605 872 aut
618 825 745 882 tessera3
759 814 951 874 manumissos
960 826 1060 874 autem
1071 833 1170 874 emere
1179 812 1299 893 puhlice

226 892 376 952 frumenta
388 891 520 971 potuisse
528 891 661 951 exhibita
671 902 800 953 tessera:
817 893 897 952 unde
908 892 1025 952 Persius
1038 899 1068 963 5,
1081 896 1136 957 74.
1149 935 1158 952 .
1170 941 1177 953 .
1187 892 1301 953 seobro-

228 993 291 1032 som
300 973 433 1031 tesserula
434 971 504 1050 for.
526 969 971 1050 Somnlaetnugamentamera.
992 973 1116 1050 Corrigo
1126 971 1156 1030 in
1164 972 1301 1039 Arriano,

227 1055 285 1119 τοῖς
298 1050 487 1118 ιῐκοστώτως.
528 1049 662 1111 Glossae:
686 1051 860 1130 elaorrdror,
874 1049 888 1111 i
900 1051 954 1121 reis
969 1049 1095 1123 εἷκοστσίς
1109 1049 1246 1119 otrorroiv,
1260 1050 1301 1107 oi-

230 1129 421 1190 restrueret.
440 1130 531 1188 Verte
544 1127 651 1206 igitur:
676 1131 802 1212 Aequis
813 1129 995 1192 meminoris
1007 1153 1043 1189 or
1062 1139 1156 1190 ertum
1169 1132 1239 1190 dore
1251 1129 1301 1186 de-

230 1209 363 1269 siderat?
392 1206 475 1268 Idem
487 1206 630 1266 Arrianus
644 1211 673 1278 2,
690 1213 715 1267 l.
749 1208 842 1271 'Oros
856 1203 900 1270 οὖν
915 1208 1021 1290 orpibp
1034 1153 1075 1280 df
1088 1209 1131 1270 ἐπὶ
1145 1205 1305 1289 πρατηγοὸ

229 1285 276 1349 ris
284 1285 370 1349 edroi
380 1287 485 1355 δοῦλον,
494 1285 569 1346 oottr
578 1284 724 1366 ἐποίησενς
737 1285 907 1367 inchoem&
921 1287 1091 1367 iorpsbrrir
1100 1285 1186 1348 edroi
1197 1286 1302 1345 δοῦλον.

225 1365 318 1428 Ἄλλο
329 1361 483 1434 oillrtsoo'.
509 1365 564 1425 Καὶ
577 1365 799 1444 εἰκοστὴναότοῦ
808 1363 900 1430 dodras
911 1365 1020 1449 ὀφείλει.
1044 1368 1150 1428 Cicero
1161 1366 1198 1425 ad
1209 1365 1303 1424 Attic.

233 1446 319 1524 epist.
336 1450 367 1515 2,
391 1449 436 1506 16.
476 1445 617 1504 Portoriis
637 1446 735 1506 Italics
754 1448 874 1507 sublatis
885 1495 891 1508 .
903 1495 909 1508 .
922 1449 1016 1528 ,quod
1036 1445 1162 1526 veragol
1178 1456 1305 1524 superest

234 1525 415 1585 domesticum
423 1533 535 1605 preater
548 1525 733 1585 vicesimam?
761 1525 835 1585 Hac
849 1526 878 1583 in
892 1527 1083 1587 manumissis.
1114 1528 1157 1583 At
1171 1526 1200 1582 in
1214 1523 1304 1582 servis

235 1623 305 1663 rece
327 1613 401 1674 tum,
417 1616 460 1671 ut,
475 1602 591 1682 quoties
605 1605 755 1674 venirent,
767 1605 895 1697 vectigal
908 1626 962 1685 pro
975 1605 1009 1664 iis
1023 1603 1166 1684 penderet
1180 1617 1305 1683 emptor.

237 1683 277 1742 ld‘
314 1683 409 1742 scitus
419 1681 510 1740 fuisse
520 1680 571 1751 ait,
583 1683 715 1760 quintam
726 1695 757 1742 et
767 1684 953 1743 vicesimam:
967 1684 1057 1743 lectio
1066 1683 1156 1741 modo
1166 1682 1204 1740 sit
1215 1692 1305 1741 certo.
1339 1720 1343 1727 -

235 1761 378 1840 Ambigas
397 1760 475 1820 enim
492 1763 571 1840 jure,
587 1764 725 1840 quoniam
744 1763 783 1822 de
800 1763 857 1823 hac
875 1765 960 1824 XXV
972 1763 1044 1822 nihil
1064 1761 1133 1822 alibi
1154 1761 1306 1839 scriptum.

239 1843 332 1902 Immo
350 1840 493 1920 scriptum
516 1852 637 1900 contra:
659 1843 840 1920 Augustum,
860 1863 927 1901 cum
947 1843 1073 1920 pecunia
1093 1840 1132 1900 ad
1145 1840 1254 1899 bellum
1276 1849 1307 1896 et

239 1933 401 1980 nocturnos
414 1918 527 1998 Vigiles
544 1920 572 1978 ei
591 1941 675 2000 opus,
697 1921 856 1981 instituisse
870 1923 1140 2001 quinquagesimam
1160 1918 1307 1977 venalium

237 1999 461 2078 mancipiorum.
499 1999 559 2058 Dio
572 2004 623 2069 55,
639 2005 686 2060 81.
701 2000 730 2058 in
744 2001 818 2060 actis
833 2020 860 2061 a.
873 2004 942 2064 760.
981 1999 1019 2061 Ti
1038 1999 1118 2068 τέλος
1136 1996 1167 2058 τὸ
1179 1997 1230 2079 τῆς
1242 2015 1307 2056 πεν-

238 2079 376 2156 τηκοστῆς
396 2079 446 2138 tet
461 2078 498 2159 τῇ
514 2077 568 2137 τῶν
583 2077 758 2160 ἀνδραπόδων
778 2078 877 2158 πράσει
892 2081 1031 2161 ἐσήγαγε.
1073 2080 1113 2136 Et
1128 2077 1251 2145 Hercle,
1265 2075 1308 2134 uti
1405 2076 1407 2083 '

240 2160 363 2219 aliarum
377 2176 475 2216 rerum
487 2158 641 2216 vaenalium
653 2159 814 2218 centesima
824 2158 898 2226 fuit3
916 2159 959 2217 sic
970 2157 1213 2238 quinquagesima
1226 2174 1309 2214 man·

241 2237 403 2315 cipiorum:
424 2235 576 2315 ausimque
589 2237 619 2295 in
634 2237 739 2298 Tacito
753 2256 907 2316 reponere,
966 2238 1202 2317 inquogesimae†.
1242 2233 1311 2292 Alia

241 2315 483 2396 quinquagesima
496 2328 551 2384 est,
566 2317 604 2375 de
619 2317 720 2408 quain
735 2317 912 2396 Symmacho
924 2260 980 2396 db.
990 2322 1019 2387 5,
1033 2321 1073 2376 62
1086 2325 1117 2374 et
1129 2320 1177 2376 65.
1192 2325 1223 2374 et
1235 2313 1311 2371 inira

241 2395 300 2454 hoc
311 2394 374 2472 ipso
384 2394 468 2454 libro.
489 2394 561 2454 Fuit
571 2407 602 2454 et
612 2396 751 2456 vicesima
764 2395 972 2465 hereditatum,
987 2395 1121 2456 instituta
1130 2396 1167 2454 ab
1177 2398 1311 2473 Augusto

243 2474 280 2534 ad
301 2472 435 2534 aerarium
457 2473 598 2533 militare:
620 2475 657 2533 de
674 2495 732 2554 qua
751 2475 811 2533 Dio
828 2479 876 2543 55,
897 2479 947 2536 25.
964 2476 1038 2534 actis
1059 2474 1126 2533 anni
1146 2478 1216 2537 759.
1253 2468 1312 2549 Τὴν

242 2551 367 2630 rintorp
380 2553 436 2611 τῶν
449 2571 479 2612 τε
497 2555 606 2632 κλήρων
624 2553 672 2613 καὶ
692 2555 747 2614 reis
767 2552 990 2632 defrauderis
1008 2556 1031 2615 oi
1046 2551 1226 2622 retrorsit-ris
1244 2569 1313 2621 τισι,

242 2630 315 2710 πλὴν
328 2631 467 2691 raiardus
482 2633 628 2713 συγγενῶν
640 2631 660 2713 ἢ
678 2633 723 2694 καὶ
737 2629 868 2708 πενήτων,
884 2631 1095 2702 καταλείπουσι,
1110 2632 1312 2708 κατεστήσατο.

245 2711 435 2789 Temperavit
458 2731 522 2771 eam
548 2711 646 2770 Nerva
670 2723 700 2771 et
724 2713 817 2789 magis
840 2714 1003 2792 Trajanus:
1032 2712 1196 2791 dequibus
1221 2708 1314 2767 multa

246 2790 358 2848 Plinius
376 2790 405 2847 in
426 2791 595 2850 laudatione
611 2813 636 2851 c.
650 2795 698 2856 37.
713 2811 756 2870 sq.
771 2792 822 2869 qui
842 2793 959 2851 omnino
974 2792 1127 2862 videndus,
1146 2789 1172 2849 si
1189 2789 1247 2846 vim
1268 2787 1314 2844 in-

246 2869 380 2948 telligere
391 2889 459 2929 aves
470 2873 533 2946 eJus
543 2871 712 2949 vectigalis:
725 2883 852 2949 postque
860 2871 926 2931 illos
936 2871 1098 2932 Antoninus
1108 2866 1314 2944 Philosophus,

248 2949 285 3007 de
304 2969 363 3028 quo
378 2948 560 3030 Capitolinus
582 2969 609 3009 c.
625 2956 670 3009 ll.
711 2954 806 3029 Leges
824 2952 908 3011 etium
928 2952 1037 3011 addidit
1059 2950 1133 3024 (sire
1155 2948 1257 3019 edidit)
1279 2946 1317 3004 de

246 3029 378 3088 uicesimo
396 3028 604 3088 hereditatum:
626 3031 661 3088 de
682 3031 788 3089 tutelis.
829 3030 981 3089 Videndus
1001 3031 1071 3088 item
1090 3026 1210 3087 Paullus
1231 3024 1315 3082 Sent.

247 3108 267 3166 l.
282 3111 310 3167 4.
326 3119 345 3168 t.
361 3111 388 3168 6.
403 3108 454 3166 lib.
470 3105 523 3166 ult.
537 3109 572 3168 C.
587 3110 625 3167 de
639 3109 738 3168 edicto
752 3110 793 3169 D.
808 3109 951 3169 Hadrian.
965 3109 1028 3169 toll.
1056 3109 1103 3167 De
1117 3104 1261 3164 vicesimas
1274 3103 1316 3162 le·

248 3188 333 3264 gibus
354 3186 463 3265 primus
484 3187 601 3265 scripsit
615 3190 654 3245 A.
669 3188 785 3260 Ofilius,
800 3199 832 3248 et
844 3201 912 3267 post
925 3209 993 3248 eum
1007 3188 1114 3247 Macer
1126 3186 1216 3243 libros
1236 3183 1314 3241 duo:

249 3265 370 3325 Invenio
385 3277 415 3325 et
428 3267 457 3324 in
472 3265 617 3345 lapidibus
635 3267 727 3345 (apud
742 3267 829 3326 Grut.
841 3289 869 3346 p.
880 3273 948 3338 437,
963 3272 1007 3345 3.)
1026 3282 1248 3326 ruocvanron.
1263 3284 1317 3321 xx.

250 3363 517 3405 nunemrnrtvm.
538 3345 609 3404 item
628 3345 681 3422 (ib.
695 3367 723 3424 p.
736 3352 807 3417 426,
823 3349 864 3424 7.)
886 3363 1127 3407 raonnorsrua.
1146 3365 1200 3403 xx.
1215 3359 1317 3400 naas-

250 3441 413 3483 urrnrvnt.
427 3425 477 3502 qui
500 3435 663 3515 postremus
678 3425 781 3485 titulus
795 3427 832 3486 ah
848 3446 894 3495 eo,
910 3425 1000 3504 quod,
1015 3425 1058 3483 uti
1073 3445 1090 3483 e
1105 3422 1200 3482 Plinio
1216 3421 1272 3500 Ep.
1284 3422 1316 3489 7,

252 3507 297 3561 lt.
313 3502 410 3572 discis,
431 3502 579 3581 publicani
602 3504 782 3582 colligebant
800 3506 857 3564 hoc
871 3502 1017 3584 vectigal:
1041 3521 1167 3582 quorum
1181 3499 1319 3579 Magistri

251 3593 281 3640 et
296 3581 496 3660 Promagistri.
538 3581 632 3642 Satis:
656 3603 712 3643 nec
735 3584 812 3646 enim
825 3584 1108 3644 iurisconsultorum
1131 3583 1247 3658 frugem
1267 3578 1319 3637 de-

250 3673 363 3721 metere
376 3661 559 3738 propositum
573 3663 666 3720 nohis.

284 3874 299 3902 ⁸
317 3875 449 3937 Perpetem.
460 3874 595 3928 olnoors'rrtr
605 3876 630 3924 in
640 3876 728 3925 Glossis
742 3887 776 3924 est
786 3884 891 3937 corrupte
901 3889 943 3939 pro
954 3873 1093 3931 slsorro'nsr,
1104 3873 1146 3936 qui
1156 3883 1190 3922 est
1198 3873 1323 3922 conductor

252 3938 374 3999 vioesmo,
385 3947 413 3988 ut
421 3938 520 3991 τελώνης
529 3939 674 4002 publicanus.

285 4002 358 4065 †At
376 4003 400 4051 in
419 4003 479 4051 libro
495 4001 525 4050 de
542 4003 625 4068 Magn.
643 4007 675 4054 R.
688 4007 713 4063 2,
732 4007 755 4052 l.
772 4013 878 4054 mourut
897 4004 1034 4052 sententium
1052 4012 1075 4050 et
1092 4001 1117 4048 in
1135 4002 1212 4050 Dione
1229 4002 1324 4064 corrigit

254 4070 424 4140 nesrrrnoerlss
452 4067 498 4116 uod
509 4067 578 4116 etiam
595 4071 724 4134 suspicatur
737 4070 762 4117 in
779 4070 860 4118 notnrla
869 4069 948 4117 addite
958 4068 988 4116 ad
1003 4068 1131 4130 marginem
1143 4067 1167 4112 in
1177 4067 1213 4113 ed·
1222 4065 1322 4112 ultima:

253 4139 276 4178 et
286 4145 319 4179 stc
330 4146 423 4206 quoque
434 4084 514 4193 guJ'ac.
526 4133 584 4181 Obs.
596 4135 618 4188 6,
631 4137 671 4181 28.
705 4135 857 4182 Burmannus
868 4143 946 4182 assum
957 4134 986 4182 de
996 4132 1086 4195 vestig.
1099 4130 1127 4176 P·
1138 4131 1171 4178 R·
1182 4146 1201 4178 t·
1212 4134 1237 4178 5·
1248 4147 1272 4192 p·
1283 4131 1324 4178 69·

253 4195 293 4249 76.
301 4203 368 4256 putat
376 4210 407 4243 stc
416 4195 518 4246 Dionem
526 4213 580 4246 curo
588 4199 669 4247 Tacito
675 4199 790 4246 conciliari
798 4215 872 4263 posse,
881 4193 1326 4263 utdiosmusprimoquinquagesimsm

252 4258 330 4313 tuoe,
341 4259 475 4321 procedente
486 4270 588 4326 tempore
598 4273 692 4312 auctum
703 4264 727 4311 id
738 4263 835 4326 vectigal
845 4273 868 4312 et
878 4265 985 4326 quintam
995 4273 1018 4311 et
1026 4261 1158 4311 vicesimam
1170 4261 1254 4308 factam
1266 4260 1326 4308 forte

254 4338 283 4370 ex
301 4323 407 4370 instituto
424 4324 537 4388 Caligula
578 4329 685 4391 Lipsium
706 4329 776 4376 ctiam
795 4345 824 4377 ex
841 4329 944 4392 inscript.
962 4329 987 4376 in
1006 4329 1092 4392 quihus
1110 4340 1260 4376 evamcvm
1275 4338 1326 4370 xx.

255 4400 430 4436 trauersum
450 4401 487 4436 ur
508 4404 576 4438 ω.
592 4407 697 4442 vunnu.
715 4403 737 4442 et
756 4407 832 4442 soen
853 4407 970 4445 rvuurcr
987 4407 1054 4444 xxv.
1068 4405 1223 4442 vruntrvsr
1242 4388 1327 4438 refellit

253 4445 524 4502 Fabretsusinloscr.c.
541 4456 560 4502 l.
570 4473 594 4520 p.
604 4459 642 4505 ³6.
1230 4485 1234 4490 ’
1307 4471 1310 4478 “
