3034 4967
529 233 751 303 mamone.
772 234 857 293 car.
880 238 926 292 15.
1219 244 1266 327 ss,

153 448 162 462 .
204 404 264 470 θεὶς
276 395 510 482 suspicatusque
518 397 634 483 exipsa
642 395 1253 483 intentionesingulorum,altioreminter

203 502 256 543 eos
269 503 335 547 esse
347 503 532 545 sermonem:
564 484 652 546 Num
671 502 782 567 parurn
796 482 1008 568 tempestivus,
1027 481 1141 568 ¹inquit,
1162 483 1254 549 inter·

203 564 285 641 veni,
307 578 456 629 secretum
477 566 694 631 consiliumet
720 590 836 631 ceussoe
864 567 995 653 alicujus
1023 565 1253 651 meditationem

203 649 428 715 tractantibus?
519 665 522 671 ’
718 668 720 673 ·
1062 692 1069 705 ·

245 733 388 811 Minime,
403 736 541 813 minime,
555 735 659 821 inquit
670 737 848 811 Secundus3
865 749 959 822 atque
971 733 1050 800 adeo
1062 734 1172 800 vellem
1187 760 1252 802 ma·

202 817 303 881 turius
317 818 546 883 intervenisses:
571 820 749 884 delectasset
764 821 846 884 enim
861 834 892 884 te
906 836 937 885 et
951 821 1034 905 Apri
1045 821 1143 883 nostri
1157 821 1252 886 adcu-

201 901 371 966 ratissimus
386 926 496 981 sermo,
512 926 583 967 cum
599 906 793 983 Maternum,
809 921 846 969 ut
859 928 950 969 omne
964 904 1123 990 ingenium
1137 929 1172 969 ac
1187 920 1251 970 stu-

201 984 288 1049 dium
304 1010 396 1050 suum
411 987 451 1051 ad
472 1011 594 1071 caussas
610 988 747 1075 agendas
768 1002 969 1068 converteret,
991 988 1171 1053 exhortatus
1192 1005 1249 1067 est,

199 1084 231 1135 et
251 1070 389 1137 Materni
434 1096 468 1136 ro
487 1072 673 1137 carminibus
692 1074 759 1137 suis
778 1074 860 1153 laets,
880 1087 979 1159 utque
997 1087 1105 1159 poetas
1124 1074 1250 1139 defendi

198 1154 337 1254 decebat,
362 1096 535 1237 audentior,
564 1169 596 1221 et
620 1172 783 1243 poetarum
807 1182 902 1245 quarn
924 1170 1084 1223 oratorum
1112 1157 1248 1238 similior,

197 1254 306 1305 oratro.

241 1326 299 1388 Me
310 1349 393 1407 vero,
406 1328 520 1415 inquit,
531 1342 563 1392 et
574 1352 673 1411 sermo
686 1332 752 1415 ipse
764 1330 884 1393 infinita
894 1328 1054 1414 voluptate
1067 1327 1247 1404 adfecisset;

198 1421 292 1494 atque
313 1410 346 1473 id
360 1411 462 1497 ipsum
477 1412 621 1491 delectat,
658 1414 723 1478 uod
737 1436 802 1492 vos,
817 1413 876 1476 viri
896 1413 1007 1499 optimi
1027 1429 1059 1477 et
1073 1426 1249 1499 temporum

195 1508 374 1558 nostrorum
388 1510 531 1576 oratores,
549 1520 610 1562 non
632 1437 806 1562 lirrensibus
820 1512 944 1562 tantum
957 1498 1088 1583 negotiis
1102 1509 1132 1560 et
1147 1496 1248 1561 decla·

195 1580 327 1651 matario
342 1581 444 1644 studio
465 1581 589 1669 ingenia
609 1598 712 1648 vestra
731 1583 890 1662 exercetis,
910 1582 964 1648 sed
980 1582 1133 1667 ejusmodi
1154 1582 1248 1645 etiarn

195 1662 418 1761 disputationes
428 1667 525 1753 adjun
548 1668 609 1746 tis,
621 1691 694 1754 quae
704 1682 736 1733 et
744 1667 905 1753 ingenium
914 1661 1015 1745 alunt,
1026 1679 1058 1730 et
1068 1662 1249 1731 eruditionis

195 1760 226 1811 et
240 1748 412 1813 htterarum
427 1692 690 1836 jucundissimum
705 1754 977 1831 oblectamentum,
991 1774 1064 1815 curn
1078 1752 1176 1829 vobis,
1191 1752 1248 1836 qui

194 1831 249 1895 illa
273 1833 448 1917 disputatis,
472 1837 628 1913 adferunt,
652 1849 721 1900 tum
743 1837 836 1900 etiam
862 1836 921 1914 his,
944 1836 985 1899 ad
1004 1859 1139 1921 quorum
1158 1858 1249 1899 aures

193 1916 399 2001 pervenerint.
446 1918 568 2003 ltaque,
579 1918 715 1995 hercule,
726 1942 790 1980 non
803 1921 907 1981 minus
919 1920 1046 2001 probari
1058 1919 1150 1980 video
1162 1919 1195 1979 i'n
1208 1930 1249 1994 te,

195 2001 349 2078 Secunde,
379 2001 475 2085 quod,
504 2001 584 2065 Julii
614 2002 744 2070 Asiatici
762 2001 874 2076 ,vitum
905 2000 1128 2086 componendo,
1161 2024 1249 2087 spem

191 2085 372 2149 hominibus
386 2086 481 2149 fecisti
497 2086 634 2171 plurium
650 2085 803 2183 ejusmodi
816 2084 978 2162 librorum,
994 2108 1089 2169 quam
1099 2086 1133 2147 in
1147 2087 1247 2182 Apro,

193 2170 281 2255 quod
302 2169 441 2245 nondum
462 2192 481 2233 a
502 2170 689 2235 scholasticis
709 2168 923 2233 controversiis
943 2170 1077 2247 recessit,
1095 2183 1126 2234 et
1147 2185 1247 2234 otium

194 2277 286 2318 suum
300 2255 419 2318 mavult
433 2276 584 2320 novorum
598 2255 758 2317 rhetorum
775 2277 870 2334 more,
885 2277 981 2341 quam
990 2268 1130 2318 veterum
1144 2268 1246 2319 orato-

188 2361 274 2414 rum,
288 2361 479 2403 consumere.
1135 2407 1140 2414 ,

235 2424 317 2489 XV.
340 2426 428 2486 Tum
443 2429 543 2510 Aper,
566 2420 639 2486 Non
653 2423 777 2502 desiniS,
793 2424 940 2500 Messala,
960 2436 1064 2487 vetera
1077 2434 1199 2488 tantum
1213 2434 1244 2487 et

192 2509 321 2593 antiqua
334 2508 450 2584 mirari,
469 2520 645 2571 nostrorum
665 2523 769 2573 autem
791 2521 968 2593 temporum
986 2508 1091 2571 studia
1110 2505 1244 2571 inridere

191 2609 287 2679 atque
301 2606 494 2671 contemnere
507 2594 519 2657 ἓ
542 2594 625 2656 Nam
639 2592 723 2673 hunc
737 2606 829 2657 tuum
845 2614 1014 2655 sermonem
1029 2615 1110 2679 saepe
1124 2591 1242 2676 excepi,

191 2700 276 2755 cum,
291 2676 405 2741 oblitus
424 2690 456 2740 et
470 2692 534 2741 tuae
555 2690 587 2741 et
607 2676 712 2759 fratris
732 2677 778 2741 tui
795 2676 990 2763 eloquentiae,
1010 2677 1163 2741 neminem
1182 2676 1242 2738 hoc

191 2774 330 2851 tempore
343 2773 495 2829 oratorem
510 2785 574 2827 esse
594 2762 811 2842 contenderes:
834 2776 929 2848 atque
950 2762 984 2825 id
1005 2785 1051 2841 eo,
1065 2762 1168 2841 credo,
1187 2781 1243 2825 au·
1276 2822 1286 2829 .

218 2993 348 3038 Poetarum
367 3005 436 3051 quam
455 2991 588 3053 oraturum]
609 2988 697 3047 Scribo,
756 2987 1049 3053 Fratristaieloquentioe]
1060 2986 1240 3044 QuisbicMes·

185 3056 319 3111 audatior,
327 3060 571 3115 poetarumqaepucm
579 3060 698 3099 oratorum
730 3053 785 3099 salse
804 3052 893 3098 freter?
916 3061 974 3113 puto
993 3051 1113 3111 Regulum
1132 3048 1240 3109 intelligi,

187 3119 287 3165 similior
298 3119 379 3164 oratio.
404 3118 495 3164 tirou.
528 3118 601 3163 Recte
608 3115 698 3177 judice-
729 3115 807 3172 illum,
824 3115 866 3177 qui
881 3129 935 3161 cum
953 3113 1031 3159 Plinio
1048 3112 1107 3158 vixit
1122 3121 1146 3159 et
1163 3111 1241 3157 floruit

188 3181 222 3228 rit
242 3180 353 3229 excidisse
371 3181 485 3242 copulam.
525 3180 614 3227 Addidi
629 3186 652 3227 ct
668 3194 697 3227 ex
729 3178 975 3241 linguamugisquam
985 3175 1033 3222 viu
1045 3175 1161 3221 laudatus.
1194 3175 1240 3222 Su-

151 3288 153 3293 ,
188 3244 239 3292 edd.
252 3253 306 3293 vett.
318 3244 382 3307 quod
392 3252 415 3289 et
429 3244 454 3290 in
465 3242 536 3291 MSS.
547 3243 603 3290 Vst.
614 3244 697 3307 reperit
728 3243 804 3305 spioor
813 3257 842 3289 ex
854 3240 937 3289 Tacito
947 3239 1010 3286 Hist.
1020 3243 1044 3297 4,
1056 3242 1096 3286 ta.
1118 3239 1240 3299 Magnam

187 3308 315 3356 Broterius.
336 3306 408 3354 Etru.
728 3307 898 3367 eodicpictatis
908 3303 1085 3365 eloquentiaeque
1085 3303 1181 3366 samam
1198 3304 1239 3349 rt·
1265 3329 1272 3339 x

225 3371 695 3435 Virioptimtctt.ao,]1angueresen·
724 3372 826 3432 pronius
844 3370 945 3417 Messala
963 3369 1059 3429 adeptus
1077 3373 1118 3420 ert,
1136 3368 1239 3414 nondam

187 3451 240 3483 sum
248 3434 353 3495 judicant
362 3436 415 3482 Urs.
425 3434 491 3482 Mur.
497 3434 568 3481 Acid.¹
578 3436 696 3483 roborant-
729 3435 853 3481 Senatorio
862 3437 1014 3487 arumnosas
1021 3445 1067 3493 pro
1070 3431 1153 3492 fratre
1160 3432 1237 3491 Aqui.

203 3515 232 3547 ue
239 3499 340 3563 repetito
346 3501 437 3560 optinet,
450 3497 575 3559 adjectosd
585 3506 695 3546 oratores.
728 3498 992 3559 liochalodcprerari.
1010 3495 1085 3543 lues.
1101 3494 1239 3555 Denegare

184 3516 386 3610 immoScburzfl.
398 3569 474 3609 mutat
486 3561 589 3625 legitque
597 3576 695 3609 vosuerc
728 3576 750 3607 v.
762 3560 824 3607 Plin.
837 3560 883 3623 Ep.
896 3562 917 3614 l.
930 3562 953 3606 5.
964 3560 988 3618 4,
1000 3560 1023 3615 7.

186 3629 270 3688 optino
285 3634 303 3673 t.
313 3644 338 3673 a.
350 3641 371 3673 0.
404 3626 492 3672 Parum
502 3633 567 3673 tanto
576 3625 696 3673 molimine
764 3627 888 3672 Oratorem
899 3624 1089 3672 esseconteadcrc
1098 3624 1202 3684 animis
1212 3634 1237 3667 eo
1322 3678 1325 3683 ,

185 3706 245 3752 opus
253 3704 302 3738 esse
308 3698 372 3751 puto.
393 3689 525 3753 vulgatum
533 3700 569 3738 sat
579 3691 696 3751 benepro-
729 3690 797 3737 credo
806 3690 919 3736 cadmiae
933 3688 994 3748 qaod
1004 3688 1133 3749 malignius
1140 3688 1179 3732 istc
1188 3681 1237 3744 op]

185 3754 254 3801 cedit.
727 3752 838 3815 Expressi
855 3752 992 3814 scripturam
1010 3759 1117 3807 veterem,
1135 3763 1187 3811 quae
1201 3755 1236 3792 ts·

206 3817 696 3880 Ingmtumalaateteruutttonem11³lscet
727 3831 782 3864 men
797 3816 848 3880 ipss
865 3815 967 3862 fortassis
988 3814 1079 3874 mutilo,
1096 3822 1120 3860 et
1136 3809 1237 3857 scriben-

186 3896 239 3927 cum
247 3880 380 3943 Rodolpbo,
387 3884 508 3943 ingenium
515 3881 695 3929 aluntetarudi-
728 3878 801 3927 dum:
820 3880 964 3927 wateaderes
972 3884 1067 3940 purtem
1077 3875 1196 3946 antiquis:
1212 3888 1238 3921 eo

186 3946 256 3991 tionis
264 3952 287 3991 et
295 3946 437 3993 litterarum.
457 3945 532 3992 lues.
551 3945 648 4008 Recepit
655 3944 696 3991 Pi·
729 3946 796 3991 credo
813 3946 931 3991 cadmus.
969 3943 1023 3990 Aut
1037 3942 1057 3988 si
1072 3940 1141 3986 insen
1157 3951 1237 3985 vocem

149 4054 153 4058 .
187 4008 264 4055 ebena.
307 4010 473 4056 Eruditionem
492 4018 525 4056 eat
543 4024 558 4057 a
574 4008 696 4068 Rhenauo,
729 4006 848 4069 displicet:
862 4008 1015 4055 cmtendcrer.
1038 4001 1238 4062 Atqacr‘deocrc-
1336 4017 1340 4024 ¹

186 4080 320 4135 antequem
331 4073 535 4120 ersteruditioaer.
566 4073 638 4121 Euu.
728 4073 884 4119 doaadnciur.
913 4073 989 4120 Iurs.
1023 4066 1236 4127 Hocverumputo,

184 4188 186 4193 ¹
218 4136 699 4200 Plurtumejsanattbrqluithcaprius
727 4135 904 4199 necquicquam
915 4135 1000 4181 doesse·
1031 4128 1093 4177 Mox
1108 4144 1151 4193 pro
1166 4131 1192 4176 in
1207 4131 1238 4177 ils

184 4206 234 4245 erat
245 4202 388 4261 plurimum.
420 4200 488 4263 Mox,
501 4202 695 4264 quaminApro‚
727 4199 850 4247 Acidaiius
864 4200 955 4261 legebat
963 4194 1061 4256 judicis.
1086 4194 1158 4240 Eun.
1187 4194 1238 4267 γο-

183 4261 268 4313 aare
278 4264 374 4314 metum.
728 4256 1024 4326 emasttqaadelendsn
1034 4256 1236 4308 mutanda·
