3034 4967
463 672 574 758 ·J0.
610 651 752 808 lue,
785 678 1050 759 sunussr

624 974 871 1042 EXCURSUS
899 973 925 1041 1.

409 1216 513 1308 ns
571 1164 1135 1309 vsxinunuus

283 1654 480 1710 anrtsanrr
500 1648 582 1727 quod
594 1665 687 1725 genus
700 1646 825 1704 militum
844 1646 965 1715 fuerint,
987 1664 1046 1705 uon
1071 1649 1209 1707 convenit
1232 1649 1306 1709 inter

242 1731 381 1788 eruditos.
422 1730 497 1787 Sunt
510 1737 611 1786 sutem
624 1736 694 1793 tres,
708 1734 849 1801 quantum
862 1723 934 1792 scio,
950 1724 1110 1801 opiniones.
1147 1728 1249 1787 Prima
1263 1738 1308 1786 est

241 1806 345 1884 Lipsii,
359 1806 486 1885 putantis
498 1804 588 1862 fuisse
602 1813 765 1870 veteranos,
777 1801 826 1878 qui
838 1812 905 1878 post
914 1801 1209 1881 legitimnstipendiu‚
1222 1816 1308 1865 extra

241 1877 401 1962 legionem,
420 1884 475 1941 sub
488 1881 598 1939 vexillo
611 1880 802 1947 haberentur,
823 1878 861 1935 de
882 1878 948 1935 Mil.
970 1879 1060 1938 Roma
1079 1886 1105 1950 l,
1120 1886 1148 1940 8.
1165 1893 1197 1940 et
1209 1888 1240 1953 5,
1262 1888 1306 1944 19.

242 1983 330 2039 quem
346 1962 478 2039 sequitur
492 1960 606 2019 Femur.
620 1956 718 2015 Elect.
734 1960 801 2025 1,u.
829 1953 935 2013 Altero
957 1966 1002 2014 est
1015 1976 1083 2015 cum
1097 1958 1230 2037 eliogum,
1245 1972 1308 2019 turn

242 2042 377 2099 l'iclrenoe
390 2038 429 2098 ad
442 2040 521 2097 Anu.
544 2045 571 2105 l,
588 2039 636 2096 38.
657 2045 688 2092 et
706 2034 737 2093 J.
751 2033 783 2092 F.
798 2032 940 2092 Gronovii
960 2034 998 2091 ad
1018 2034 1121 2113 Agric.
1142 2054 1168 2095 c.
1191 2042 1235 2099 18.
1258 2039 1308 2116 qui

242 2116 418 2193 legionarios
432 2115 552 2195 quidem
571 2112 677 2172 milites
691 2111 814 2179 faciunt,
828 2111 881 2169 sed
895 2109 945 2189 qui
959 2113 1079 2171 seorsim
1093 2134 1111 2172 a
1124 2115 1241 2193 legione
1255 2136 1310 2175 sua

243 2196 342 2275 aliquo
359 2195 437 2253 missi
452 2204 550 2252 essent
563 2191 651 2271 privis
663 2192 719 2249 sub
733 2188 863 2248 vexillis:
885 2190 922 2247 de
937 2190 1042 2267 quibus
1057 2191 1112 2250 illis
1131 2193 1160 2251 in
1174 2195 1246 2254 locis
1260 2195 1309 2273 agi

136 2330 144 2336 ,
265 2285 357 2333 utent.
397 2275 499 2349 Atque
517 2271 606 2330 etiem
629 2268 746 2346 Lipsius
769 2268 826 2327 hoc
849 2286 942 2344 genus
962 2268 1086 2327 militum
1105 2272 1310 2333 vexillariosa

243 2294 349 2410 liucito
363 2353 461 2409 vocari
475 2350 620 2427 agnoscit,
635 2348 674 2405 od
684 2348 724 2405 H.
735 2352 764 2415 2,
777 2351 842 2405 100.
875 2344 1046 2424 Eademque
1057 2360 1103 2407 est
1113 2350 1187 2409 ratio
1199 2351 1310 2412 Schelii

242 2430 280 2487 ud
293 2429 401 2507 Hygin.
411 2448 441 2506 p.
452 2432 501 2487 35.
517 2426 577 2485 duo
591 2443 701 2504 genera
710 2423 927 2483 vexillariorum
942 2424 1088 2495 facientis,
1103 2446 1209 2506 nempe
1225 2441 1309 2489 vete·

243 2525 379 2565 ranorum
389 2517 425 2584 et
437 2504 675 2583 legionariorum,
686 2522 704 2560 e
717 2502 846 2580 legione,
858 2503 896 2560 ob
908 2502 1112 2566 necessitatem
1124 2504 1250 2583 aliquem
1258 2520 1310 2566 aut

243 2603 339 2653 usum,
353 2584 546 2651 delectorum,
560 2594 591 2641 et
605 2581 687 2661 quusi
701 2580 792 2658 pertis
806 2599 823 2637 a
836 2579 953 2657 legione
964 2597 1026 2649 sua,
1036 2583 1074 2640 ob
1086 2584 1173 2641 talem
1182 2583 1310 2663 aliquam

245 2679 386 2732 caussam,
402 2663 570 2739 decerptus:
591 2660 696 2719 Franci
707 2672 859 2717 vocantem
872 2657 1091 2718 dsraolementr.
1124 2661 1224 2722 Tertio
1234 2663 1309 2723 ratio

244 2750 291 2799 est
307 2740 448 2810 Salmasii,
463 2739 565 2817 quide
584 2738 650 2798 Mil.
664 2739 702 2797 R.
715 2756 742 2795 c.
765 2741 808 2796 19.
831 2735 954 2813 intelligi
968 2748 1052 2813 putet
1067 2739 1138 2797 levis
1154 2753 1309 2801 armaturae

243 2818 360 2887 milites,
383 2817 490 2895 cuique
513 2816 622 2895 legioni
646 2816 818 2876 attributos:
845 2814 927 2873 nixus
951 2814 981 2871 in
1004 2816 1104 2892 primis
1127 2818 1195 2877 loco
1213 2820 1309 2879 Taciti

245 2896 323 2973 llist.
340 2906 368 2964 2,
391 2900 438 2956 66.
478 2897 542 2955 Hes
555 2894 714 2954 sententias
735 2892 853 2971 probari
874 2912 933 2950 non
955 2910 1051 2969 posse,
1079 2914 1135 2955 nec
1152 2899 1311 2957 convenire

243 2974 316 3032 locis
329 2973 435 3043 Taciti,
448 2972 536 3032 la'cile
549 2973 710 3032 docuerim.
1012 2997 1014 3003 s
1232 3026 1234 3033 .

247 3092 251 3097 ι
283 3056 325 3111 Ac
336 3064 490 3111 veteranos
498 3051 617 3130 quidem
631 3070 690 3109 non
704 3048 828 3127 intelligi
841 3049 921 3125 apud
933 3049 1068 3107 Tacitum
1083 3069 1135 3128 per
1144 3051 1311 3111 vexillarios

247 3132 329 3203 (narn
338 3130 446 3206 alioqui
456 3128 500 3187 sic
510 3128 651 3207 appellari
661 3127 802 3207 potuisse,
811 3146 870 3185 non
881 3144 1000 3203 negem:
1015 3146 1117 3187 verum
1126 3132 1310 3191 consuetudo

244 3208 384 3285 loquendi
398 3208 428 3264 in
443 3206 550 3265 talibus
564 3207 721 3282 audiendo)
733 3204 802 3265 hinc
817 3204 983 3283 planissime
999 3216 1090 3283 patet,
1102 3208 1182 3285 quod
1193 3208 1223 3265 in
1235 3210 1311 3267 mula

245 3287 283 3345 tis
300 3285 402 3344 'l'uciti‘
415 3286 489 3344 locis
510 3285 653 3343 vexillarii
674 3294 764 3342 certae
786 3283 894 3361 legioni
916 3294 967 3341 eut
990 3283 1153 3361 legionibus
1179 3286 1310 3363 pluribus

245 3364 423 3433 tribuuntur,
439 3376 473 3422 ut
486 3362 628 3424 desiderii
643 3362 872 3442 quanaedecimoe
889 3360 1014 3441 legionis,
1029 3362 1208 3433 obesimorii,
1222 3368 1310 3426 triuio

131 3506 153 3523 Α
245 3443 482 3503 Brirarmicorum
495 3442 641 3522 legionum
654 3453 713 3501 etc.
727 3441 872 3501 dicantur.
912 3444 983 3501 Non
992 3452 1092 3501 eutem
1102 3443 1243 3503 credibile
1254 3457 1311 3515 est,

183 3563 188 3570 ·
245 3521 371 3580 autulio
384 3523 473 3581 modo
487 3522 680 3581 demonstrari
713 3530 802 3589 otest,
816 3526 996 3579 veteranose
1009 3520 1132 3598 singulis
1146 3520 1311 3599 legionibus
1393 3553 1402 3572 ·

244 3599 402 3677 separatim
415 3600 531 3668 habitos
548 3600 603 3657 sub
627 3540 754 3668 vexiiiis,
779 3607 810 3656 et
834 3598 967 3676 ejusdem
991 3598 1115 3676 legionis
1143 3598 1309 3659 vexillarios

244 3689 373 3737 vocatos.
416 3678 475 3736 Sed
493 3696 532 3736 ex
552 3678 687 3737 omuibus
705 3676 870 3754 legionibus
887 3674 957 3735 lecti
984 3678 1038 3735 sub
1060 3696 1117 3736 uno
1141 3677 1311 3755 pluribusve

245 3756 358 3815 vexillis
370 3756 461 3815 habiti
476 3767 552 3814 suut.
593 3757 683 3835 Apud
698 3755 836 3815 'l'acitum
850 3754 969 3891 quidem
982 3754 1061 3814 Anu.
1078 3759 1103 3826 1,
1118 3760 1167 3815 39.
1183 3754 1310 3833 plurium

244 3834 394 3910 legionum
407 3836 537 3893 veterani
551 3835 606 3892 sub
621 3855 680 3895 uno
695 3834 804 3893 vexillo
817 3833 856 3893 hu
877 3843 973 3904 entur,
987 3832 1217 3911 simpliciterque
1226 3846 1310 3895 vetes

243 3913 305 3969 rarii
320 3911 463 3971 dicuntur.
505 3912 614 3992 Neque
627 3933 673 3991 up.
687 3911 783 3972 Tacit.
800 3914 836 3971 A.
853 3916 879 3979 1,
893 3914 943 3972 38.
969 3912 1100 3972 veterani
1114 3910 1237 3990 intelligi
1249 3914 1309 3973 ullo

245 3990 332 4049 modo
345 4002 479 4068 possunt,
491 3991 560 4067 quin
573 3993 602 4050 hi
617 3993 646 4049 in
660 3990 763 4051 castris
776 3990 891 4049 fuerant
900 4001 930 4048 et
940 3990 1124 4050 exauctorati
1136 3990 1190 4049 sub
1200 3992 1309 4053 vexillo

276 4155 290 4195 ⁴
301 4168 343 4215 Ad
353 4184 392 4217 cos
402 4168 531 4217 vexillarios
538 4171 651 4233 pertinere
661 4177 729 4233 putet
738 4168 843 4219 schelius
850 4170 920 4217 verba
930 4169 1029 4233 Hygini.
1057 4171 1183 4219 Vecillors'i
1190 4170 1310 4235 legionum

242 4234 338 4279 condem
343 4234 483 4295 pedaturam
492 4237 595 4297 πείρετε
605 4236 692 4294 debent
703 4247 774 4297 quom
784 4235 863 4281 cohors
874 4236 1011 4294 legionario,
1024 4236 1082 4295 quio
1093 4236 1124 4283 od
1139 4246 1256 4287 memor
1267 4243 1308 4287 lio·

242 4298 316 4346 nunes
327 4304 506 4360 conspectantium
523 4313 604 4346 comeo
623 4300 841 4361 impedimntorum
859 4299 949 4347 tesidere
967 4300 1045 4347 deletu
1065 4301 1089 4346 iu
1107 4308 1254 4362 proetentura
1275 4307 1310 4352 vol

241 4362 312 4407 lutere
324 4362 436 4408 Praewrst
447 4378 517 4425 super
527 4365 628 4411 cohortos
635 4366 735 4426 murae.
