3034 4967
538 273 602 338 Ab
621 275 781 335 ANNAL.
801 273 881 338 LlB.
901 278 959 337 Ill.
1233 282 1296 340 its

214 437 502 516 desumendum
515 441 725 503 sufficientibus
739 441 786 511 iis,
800 441 893 501 additi
907 441 968 502 dno
981 441 1054 506 fecti
1076 460 1116 502 ue
1128 440 1235 514 Sesirl,
1249 443 1294 505 uti

215 525 333 585 docebo
347 543 416 584 mox
429 543 468 583 ex
487 523 597 582 Dione.
636 522 734 582 Etiam
755 534 907 580 curatores
924 533 1043 583 exuto
1081 523 1159 582 ‘nem
1170 524 1294 603 reperti,

215 623 291 682 quos
311 603 497 664 destinabant
517 601 641 680 singulis
661 599 725 661 riis.
768 600 815 659 lta
835 601 936 662 caesar
955 603 1085 663 Curatur
1109 602 1165 661 viae
1188 604 1295 696 Appire

215 684 374 744 Plutarcho
383 683 414 743 in
425 685 490 760 ejus
499 681 561 741 vita
569 699 596 740 c.
604 685 633 740 5.
643 679 768 749 dicimr3
781 680 928 740 Thermus
938 681 1095 752 Flaminiis,
1107 681 1246 742 Ciceroni
1256 681 1296 742 sd

216 764 280 823 Att.
305 768 331 832 l,
356 767 381 822 l.
421 765 578 842 Augustus
600 759 718 831 deinde,
740 759 910 840 quasplures
924 773 1038 841 partem
1058 762 1298 822 administrandas

216 841 394 924 Reipublicae
418 849 552 920 caperent
573 838 628 916 (ait
648 839 807 898 Suetonius
827 843 891 915 37.)
914 859 1022 900 novae
1051 842 1096 902 cio
1115 841 1296 924 excogitavit,

216 942 313 982 ceram
327 941 441 1003 operam
450 918 770 1000 pullicorumviarum,
823 939 933 978 aarum.
970 920 1009 978 Se
1044 921 1295 998 quomodonova,

217 1002 241 1061 si
252 1006 315 1081 jam
328 1013 397 1059 ante
411 998 613 1067 Quattuorviri
626 997 748 1068 viarum,
763 997 787 1056 si
827 998 982 1057 oratores?
1003 999 1097 1059 Silent
1110 1001 1294 1062 scholiastae:

217 1083 270 1139 sed
283 1099 354 1138 rere
369 1079 466 1138 dicam
480 1097 547 1156 ego.
588 1079 746 1137 Curatores
762 1089 831 1136 ante
844 1077 1026 1155 Augustum,
1041 1078 1155 1147 fateor;
1174 1080 1227 1138 sed
1241 1101 1298 1142 nec

217 1172 394 1239 perpetuum
414 1159 456 1230 id,
477 1177 534 1217 nec
555 1168 670 1217 certum
690 1174 806 1216 munus.
846 1155 934 1216 Fecit
954 1167 1113 1236 utrumque
1135 1163 1296 1237 Augustus·

219 1240 309 1304 Quod
322 1238 360 1298 ad
376 1240 417 1298 lV
430 1239 524 1297 viros:
552 1237 628 1296 scito
642 1237 803 1296 discretum
817 1254 835 1293 a
848 1235 1042 1296 curatoribus
1060 1255 1163 1298 eorum
1181 1257 1298 1298 munus.

219 1319 420 1384 Quattuorvlri
434 1318 495 1376 vias
506 1317 585 1375 urbis
596 1317 757 1376 curabant:
773 1316 944 1396 Curatores,
950 1326 1003 1374 'eas
1013 1335 1081 1394 quae
1088 1329 1176 1376 extra
1183 1319 1298 1379 urbem.

219 1399 333 1457 Docuit
346 1417 393 1457 me
407 1399 465 1456 hoc
477 1397 536 1456 Dio
549 1402 600 1466 54,
615 1400 663 1456 26.
678 1396 716 1454 de
728 1394 842 1472 Viginti
856 1394 944 1463 viris3
966 1396 1017 1454 ubi
1031 1396 1110 1455 clare
1122 1398 1266 1477 scriptum
1279 1415 1299 1456 e

221 1477 329 1537 Seviris
342 1476 465 1548 viarum,
480 1487 593 1535 amotos
607 1476 644 1535 ab
659 1477 798 1553 Augusto
812 1475 897 1538 dues,
911 1474 962 1552 qui
975 1476 1037 1534 viss
1051 1477 1196 1536 curabant
1209 1487 1298 1536 extra

219 1557 337 1624 inuras3
355 1555 418 1626 τούς
436 1556 504 1634 (ait)
519 1553 576 1634 ἔξω
593 1554 656 1624 ταῖς
667 1551 779 1635 τεὶχοας
795 1551 867 1622 tants
885 1554 971 1636 ἔγχει
989 1554 1142 1634 stapleton
1165 1566 1299 1615 retentos

221 1646 371 1714 quattuor,
386 1637 479 1715 quiin
495 1638 576 1694 urbe.
604 1635 685 1713 Ergo
699 1635 754 1694 sub
771 1635 909 1711 Augusto
924 1646 955 1692 et
970 1577 1129 1694 iuratores
1145 1635 1257 1694 viarum
1266 1645 1299 1694 et

221 1716 432 1786 Quattuor-viri,
446 1735 570 1794 quorum
588 1732 712 1772 munera
731 1713 805 1772 locis
819 1711 1048 1791 regionibusque
1067 1715 1217 1775 distincta.
1257 1714 1298 1773 Et

221 1795 369 1872 digniores
384 1813 454 1853 sane
468 1795 626 1853 Curatores
638 1815 646 1860 ;
666 1792 735 1870 quia
748 1791 778 1849 in
793 1791 853 1850 vias
868 1791 932 1850 illas
946 1792 1072 1868 grandes
1084 1805 1170 1852 extra
1183 1793 1300 1864 urbem,

220 1887 355 1952 sumptus
370 1884 401 1931 et
414 1873 506 1931 moles
520 1875 622 1949 maJ'or.
663 1872 735 1930 ldeo
751 1871 862 1929 Plinius
876 1870 1041 1946 gratulatur
1055 1873 1188 1931 Cornuto
1209 1873 1248 1930 de
1261 1891 1300 1931 eo

220 1971 343 2010 munere
358 1951 453 2028 Epist.
468 1955 499 2021 5,
518 1954 563 2010 15.
583 1951 766 2008 Recesseram
779 1953 810 2008 in
822 1947 1013 2028 mssaiepium,
1029 1971 1091 2008 enm
1105 1951 1174 2009 milti
1181 1953 1301 2010 nescia·

220 2041 280 2091 tum
301 2040 353 2098 ssi,
370 2031 521 2090 Cornutum
538 2027 696 2088 Tertullum
716 2029 857 2108 accepisse
868 2026 1001 2087 AEmttia
1019 2029 1074 2087 sioe
1090 2051 1195 2089 caram.
1235 2031 1302 2089 Es-

216 2111 343 2192 primere
355 2131 408 2170 non
420 2127 540 2184 possum,
554 2117 657 2186 quanto
670 2109 722 2168 sim
732 2109 844 2186 gaudio
852 2107 982 2185 affectat
994 2119 1023 2166 et
1035 2109 1124 2190 ipsias
1137 2120 1164 2169 et
1175 2129 1237 2169 meo
1249 2131 1300 2169 ao-

222 2191 306 2249 mine.
348 2191 385 2247 Et
400 2189 510 2248 Statius
525 2187 655 2247 Plotium
669 2187 825 2246 dilaudans
839 2186 908 2246 silv.
922 2189 953 2254 4,
968 2191 997 2255 9,
1013 2189 1060 2250 17.
1096 2191 1137 2248 Te
1149 2191 1302 2250 Germani·

223 2289 270 2329 sss
283 2269 420 2328 arbitrum
431 2269 554 2346 sequenti
565 2267 696 2327 Aenona
706 2265 794 2336 dedit,
805 2266 977 2345 omniumque
985 2267 1043 2326 late
1052 2268 1194 2349 Proesecit
1201 2269 1302 2330 satio-

221 2348 300 2408 nibus
314 2349 435 2407 siarum.
477 2349 515 2406 Et
533 2347 563 2405 in
577 2346 724 2425 lapidibus
744 2347 852 2424 passim
872 2344 950 2403 inter
963 2345 1036 2404 alios
1049 2346 1176 2407 bonores
1190 2348 1303 2410 inscul-

221 2425 1303 2507 ptumcvassom.vmnvsrautplurimum,anaemarvrnnsserss,

223 2523 401 2575 sassures,
416 2523 620 2572 stammas,
633 2515 690 2563 etc.
704 2504 870 2563 nominibus
879 2504 1042 2581 expressim
1056 2507 1303 2584 quiaferecm·

223 2596 302 2644 tores
319 2586 464 2645 dabantur
479 2585 566 2644 certis
581 2584 644 2650 viis,
656 2584 713 2641 'uni
731 2583 909 2662 pluribusve.
951 2581 992 2641 Et
1004 2582 1060 2642 bos
1073 2587 1193 2664 quidem
1207 2587 1305 2646 Omo-

223 2676 302 2724 tores
315 2664 405 2724 fuisse
422 2684 568 2730 censeam,
592 2662 729 2740 aquibus
745 2665 896 2741 mancipes
913 2662 1108 2736 redimebant,
1126 2679 1157 2726 et
1174 2683 1304 2744 quorum

223 2744 403 2823 negligentia
415 2745 464 2804 hic
480 2747 606 2822 culpata.

745 2899 777 2958 F.

631 3059 724 3120 CAP.
744 3057 887 3120 XXXVI.

265 3217 446 3276 Eumemns
463 3215 566 3295 Suppl.
579 3240 606 3277 v.
619 3220 687 3281 267.

342 3293 546 3452 stass
561 3295 731 3446 tiss
743 3296 798 3379 a,
811 3293 865 3375 μ’*
876 3295 993 3380 “‘t”

225 3455 365 3514 Servulus
379 3455 458 3532 apud
472 3400 610 3514 Flauium
624 3455 754 3515 Mostell.
767 3459 797 3521 5,
816 3460 841 3524 l,
853 3457 903 3515 45.
928 3456 998 3535 Ego
1010 3456 1122 3516 inerim
1135 3456 1210 3520 lanc
1221 3480 1306 3520 asum

225 3536 372 3614 neaspsbo.
393 3533 528 3592 Tibullus
542 3535 675 3594 alludens
689 3541 719 3602 4,
735 3539 784 3603 18,
797 3537 846 3594 23.
864 3535 907 3594 Et
917 3535 1038 3595 Veneris
1044 3540 1305 3599 ssnctoecontidnm

224 3614 316 3673 uictas
329 3613 370 3672 cd
381 3630 469 3670 aram.
491 3611 531 3670 Et
545 3614 632 3683 bene,
646 3615 809 3684 emessam,
823 3614 894 3692 quia
905 3614 1084 3694 supplicum,
1093 3617 1207 3678 sedere.
1236 3617 1306 3678 Nec

225 3693 288 3753 aliis
297 3693 385 3750 modo
394 3692 588 3760 ishonos,sed
598 3693 686 3752 etiam
695 3693 1029 3771 heroibusquibusdem:
1043 3695 1303 3756 utTheseoAthe·

224 3771 279 3831 nis.
316 3772 491 3830 Plutarchus
511 3771 541 3830 in
563 3772 652 3831 Thes.
666 3776 715 3832 36.
730 3793 758 3850 p.
773 3777 822 3832 35.
844 3778 939 3834 Κεῖααι
956 3773 1008 3850 μὲν
1028 3774 1057 3834 ἐν
1075 3774 1150 3853 μέση
1163 3776 1201 3839 ri
1211 3772 1303 3846 visst,

224 3849 304 3928 stapsi
314 3849 344 3910 ri
360 3851 406 3910 νῦν
418 3847 583 3932 γυμνάσιον
599 3851 658 3914 ἔστι
674 3850 702 3910 δὲ
716 3852 809 3931 φύξιον
824 3850 942 3922 οἰκέταις
958 3852 1006 3914 καὶ
1018 3854 1089 3913 πᾶσι
1105 3839 1161 3924 ταῖς
1178 3839 1305 3916 iamtvs-

223 3929 311 4012 τέρας
320 3929 367 3990 καὶ
378 3929 474 3992 δεδιόσι
483 3929 646 4012 κρείττονας.
667 3930 1306 4013 ItemqueRegibus3utiDeciumMagium,

226 4011 359 4101 Cyrenas
373 4021 550 4089 tempestate
563 4009 703 4079 delatum,
723 4011 762 4068 ad
782 4021 909 4069 statuam
923 4011 1077 4072 Ptolemaei
1091 4011 1185 4091 Regis
1199 4014 1305 4073 confu-

225 4105 303 4168 gisse
316 4087 418 4148 Livius
428 4089 518 4148 tradit
530 4093 580 4158 23,
600 4093 644 4150 10.
671 4089 777 4150 Romae
789 4089 870 4149 baud
879 4089 921 4149 ita
934 4089 1073 4168 frequens
1081 4090 1132 4150 ille
1144 4111 1226 4162 mos3
1244 4113 1304 4154 nec

224 4169 319 4228 libers
332 4168 500 4247 Republica
513 4168 673 4248 quidquam
686 4169 814 4246 reperio,
827 4181 933 4249 prseter
943 4169 1064 4229 Romuli
1077 4169 1202 4251 asylum.
1242 4173 1306 4232 lni-

224 4247 298 4308 tium
313 4247 341 4308 ei
361 4248 419 4307 fuit
439 4267 457 4308 a
476 4247 588 4327 templo
601 4248 673 4308 Julii
688 4249 822 4318 Caesaris,
843 4247 924 4328 quod
938 4248 1096 4309 Triumviri
1116 4261 1304 4322 exstruere,

224 4348 294 4388 cunr
308 4327 367 4388 hoc
381 4329 454 4399 ‘ure,
469 4338 503 4385 ut
516 4328 684 4408 perfugium
697 4330 727 4388 in
741 4347 778 4388 eo
792 4330 907 4388 cunctis
918 4339 1004 4389 esset.
1026 4330 1086 4390 Dio
1100 4333 1150 4402 47,
1166 4338 1210 4395 19.
1218 4332 1305 4410 Ἀπη-

224 4406 364 4491 ys'psusas
376 4348 407 4466 ii
416 4407 523 4486 μηδένα
535 4408 564 4477 ἐς
573 4406 605 4471 τὸ
616 4406 703 4493 ἡρῶον
711 4406 799 4472 stret
809 4405 1013 4490 καταφυγόντα
1022 4408 1064 4472 is*
1073 4407 1157 4493 ἀδείᾳ,
1169 4412 1242 4490 μήτε
1252 4414 1303 4471 ds·
