3034 4967
213 253 272 314 ΗΟ
538 247 570 310 J.
588 245 710 308 LIPSII
731 245 955 311 EXCURSUS

213 430 247 471 σε
257 409 304 470 ital
313 406 454 492 πορφύραν
466 405 514 468 itai
526 403 573 468 riu
586 403 676 468 tua
685 405 802 486 κόσμον,
813 403 935 484 adaucto
947 408 1122 496 ἀμφιασμοῖς
1133 407 1280 487 χρώμεναι

213 489 403 552 stastatuta
417 485 574 562 ἐπένθησαν
588 481 696 566 χρόνον.
738 484 831 562 Apud
849 483 970 544 Suidam
991 496 1121 543 maestus
1142 487 1280 589 scriptor,

213 567 252 627 de
264 565 372 626 Marcii
385 564 506 624 funere:
529 562 583 622 Kal
597 567 627 625 ai
636 567 767 642 γυναῖκες
777 561 948 640 ἀποθέμεναι
959 560 1065 642 χρυσὸν
1076 563 1124 624 aul
1134 563 1181 626 riu
1192 577 1281 624 αλλον

215 640 1281 780 stopauaatps'aaeuspatarumgqqgtpamtameaeatrutau

213 744 325 805 χρονον.
366 723 408 779 Et
420 722 514 780 Varro
529 723 608 780 clare
628 722 647 779 l.
667 723 695 780 3.
803 720 863 776 vita
882 719 985 797 populi
1007 721 1140 788 Romani,
1160 732 1192 780 ut
1214 723 1281 780 aaa

212 823 301 882 supra
324 811 430 862 terram
441 809 525 880 asset,
545 799 641 858 ricinis
660 799 792 880 lugerent
797 821 811 865 ;
819 798 932 876 sunere
952 799 1021 876 ipm,
1041 808 1072 857 ut
1086 799 1175 890 paliis
1189 801 1281 893 paliis

212 882 334 940 amiate.
361 879 491 939 Ibidem:
506 877 679 957 Propinqua
691 877 877 943 anthracitis,
884 877 1027 968 procincte
1040 876 1279 960 amaaelomgello,

213 957 316 1040 capillo
330 957 447 1018 demisso
459 967 638 1036 sequerentur
650 958 759 1016 lectum.
799 953 933 1013 Valerius
954 960 981 1025 1,
1005 960 1030 1025 l,
1054 959 1099 1016 15.
1139 957 1188 1016 De
1202 959 1281 1018 Cau·

211 1037 297 1098 aeusi
312 1037 407 1097 clade.
427 1037 531 1116 Itaque
541 1050 685 1094 matresua
691 1035 762 1109 filice
771 1039 956 1114 conjugesqae
964 1037 1279 1116 superinteffeotorum,
1345 1045 1350 1052 '

213 1115 342 1176 abstersis
356 1115 492 1186 lacrimis,
508 1114 692 1194 depositisque
705 1113 809 1174 doloris
823 1112 987 1193 insignibus,
1003 1114 1149 1172 madidam
1163 1116 1280 1176 iuduere

214 1205 319 1254 uestem
335 1207 364 1254 et
387 1198 447 1254 aris
464 1195 531 1252 dare
550 1193 636 1252 thura
659 1202 765 1254 coactae
784 1205 859 1253 suut.
898 1193 943 1249 At
962 1191 1010 1250 alii
1031 1211 1104 1251 ecce
1122 1211 1279 1264 consensu,

214 1275 321 1334 albam.
361 1269 550 1331 Herodianus
574 1271 604 1328 in
626 1271 730 1330 funere
754 1270 858 1331 Severi
878 1275 908 1339 4,
928 1275 957 1331 3.
988 1273 1024 1331 At
1045 1271 1176 1350 γυναῖκες
1200 1272 1280 1341 λιτὰς

212 1351 339 1432 ἐσθῆτας
347 1349 449 1421 astutia
458 1351 670 1432 ἀμφιεννύμενοι
679 1347 950 1433 σχῆμοοσορέχοοσι
959 1347 1145 1431 λυπουμένων.
1169 1351 1281 1410 Statius

212 1432 243 1490 iu
257 1431 400 1490 Lacrimis
414 1431 530 1488 Etrusci
545 1429 617 1490 silv.
629 1435 660 1499 8,
678 1437 707 1493 3.
748 1431 816 1490 Huc
828 1428 928 1486 vittata
939 1448 1053 1499 comam,
1067 1429 1201 1506 niveoque
1215 1431 1281 1489 issi·

211 1512 277 1592 guis
291 1510 393 1568 amictu
417 1509 538 1568 Mitibus
559 1511 697 1586 ensequiis
719 1509 807 1568 ades:
832 1506 976 1584 adsignat,
999 1517 1032 1565 ut
1051 1507 1142 1577 vides,
1165 1509 1281 1566 niveam

214 1599 337 1658 vestem,
356 1588 426 1666 quia
446 1587 559 1645 mulier.
602 1586 663 1646 Sed
685 1587 843 1648 clarissime
866 1584 1040 1643 Plutarchus
1059 1586 1170 1648 Quaest.
1192 1586 1279 1643 Rom.

214 1685 244 1746 p.
256 1671 323 1730 270.
356 1663 415 1725 aaa
425 1664 451 1725 ri
462 1664 550 1724 λευκοὶ
559 1664 682 1747 φοροῦσιν
696 1668 724 1725 ἐν
737 1663 793 1733 τοῖς
801 1663 930 1725 πένθεσιν
940 1665 971 1722 ai
979 1668 1108 1742 γυναῖκες
1120 1661 1222 1741 ’ἱμάτιον
1232 1665 1283 1724 uui

215 1743 326 1813 λεοκούς
338 1743 544 1826 κεκροφοίλοοςς
565 1754 596 1801 at
609 1744 676 1802 vide
690 1745 769 1822 apud
780 1761 845 1802 eum
859 1759 985 1801 caussas.
1025 1742 1104 1806 Quid
1117 1752 1280 1800 statuemus

189 1826 193 1834 ’
211 1824 246 1881 in
260 1824 394 1882 dissensu
408 1833 468 1880 tam
483 1823 606 1899 aperto?
630 1841 752 1900 pacem:
768 1841 857 1900 quam
870 1820 958 1878 facile
972 1818 1098 1877 conficio
1112 1839 1151 1877 ex
1165 1829 1281 1898 tempo-

213 1918 279 1960 rum
300 1901 423 1961 ratione.
463 1900 614 1959 Variacum
635 1901 749 1959 scilicet
769 1901 827 1958 bac
845 1899 876 1956 iu
893 1918 927 1958 re
951 1897 1030 1975 apud
1048 1899 1194 1957 Romam
1214 1897 1283 1958 faits

212 1980 321 2040 Priscis
332 1979 522 2058 temporibus,
532 1981 600 2037 dum
613 1979 797 2056 Respublica
808 1978 883 2036 vixit
896 1988 928 2035 et
941 1976 1071 2044 libertas,
1082 1976 1173 2054 nigrae
1184 1990 1281 2036 vestes

213 2063 303 2118 etiam
313 2057 427 2118 feminis
437 2059 468 2116 in
482 2059 582 2116 luctu:
597 2056 629 2114 id
643 2057 751 2115 docent
764 2058 784 2113 ii
798 2056 965 2132 scriptores,
974 2054 1026 2130 qui
1040 2073 1141 2112 omnes
1155 2074 1280 2113 consen·

213 2139 292 2197 tiunt
305 2137 335 2196 in
349 2137 515 2196 narratione
530 2134 628 2205 moris,
645 2134 694 2211 qui
713 2134 764 2191 illo
790 2152 861 2191 aevo.
902 2133 945 2190 At
965 2133 1020 2189 sub
1039 2131 1280 2209 Imperatoribus,

214 2215 382 2294 Republica
393 2213 547 2282 exstincta,
561 2212 591 2267 in
605 2230 690 2268 usum
700 2222 845 2269 venerunt
857 2209 1026 2286 lugubrium
1039 2208 1130 2270 albae:
1143 2212 1253 2271 docent
1260 2214 1281 2270 ii

214 2294 335 2354 alterius
355 2291 455 2352 classis
475 2301 575 2358 testes,
600 2288 650 2368 qui
673 2309 733 2347 non
755 2289 787 2346 id
809 2289 941 2348 referunt
963 2285 1017 2344 nisi
1038 2286 1078 2346 de
1100 2291 1280 2369 temporibus

213 2370 334 2432 secutis.
375 2369 446 2428 Hoc
468 2369 522 2426 nisi
537 2378 631 2438 tenes,
651 2387 810 2446 numquam
829 2368 884 2426 erit
899 2378 931 2425 ut
954 2365 1049 2424 solvas
1071 2385 1139 2425 eum
1162 2369 1281 2428 nodum.

211 2449 278 2510 Sed
296 2467 364 2530 quae
385 2467 495 2509 caussae
515 2447 602 2524 hujus
629 2446 818 2507 mutationis?
859 2445 967 2514 Credo,
995 2443 1101 2504 divitia
1128 2457 1158 2505 et
1185 2449 1282 2508 luxu's.

214 2528 361 2588 Matronis
382 2527 509 2605 antiquis
530 2525 612 2584 color
632 2525 716 2583 albus
736 2536 767 2583 et
786 2525 870 2602 niger
890 2521 1017 2601 cogniti:
1038 2521 1132 2604 iisque
1152 2527 1221 2585 solis
1234 2526 1281 2584 vel

212 2606 372 2688 praecipuis
386 2625 455 2666 usae.
495 2606 538 2663 At
552 2613 619 2682 post
631 2603 756 2661 sericam
776 2604 942 2662 traductam
956 2610 1068 2659 vestem
1083 2615 1114 2662 et
1133 2604 1281 2683 vulgatam

209 2685 325 2752 Coam3
361 2695 407 2742 ost
417 2683 583 2762 galbanum,
596 2681 763 2751 caeruleam,
775 2682 1010 2760 amethystiuam,
1021 2691 1054 2738 et
1065 2695 1108 2741 tot
1118 2703 1228 2760 genera
1236 2702 1281 2740 re·

212 2775 300 2842 ‘perta
309 2704 451 2831 ociorum,
461 2779 543 2818 rarus
552 2759 732 2836 dignioribus
740 2759 858 2818 feminis
867 2759 927 2818 albi
936 2777 1016 2826 usus,
1027 2773 1141 2838 spretus
1152 2762 1181 2817 iu
1203 2781 1281 2829 uam,

213 2842 315 2921 (quod
327 2841 422 2918 poetis
435 2839 523 2898 facile
544 2838 654 2913 disces)
679 2849 924 2918 contemptusque
945 2836 1027 2897 color
1047 2841 1140 2909 albus,
1160 2783 1235 2898 nien
1249 2851 1283 2897 ut

213 2933 286 2980 nota
299 2920 398 2978 luctus
410 2917 500 2978 fuerit
513 2917 640 3054 superbo
653 2917 750 2985 sexui,
769 2936 839 2975 eum
852 2918 988 2977 induisse.
1029 2920 1098 2976 Hoc
1113 2928 1282 2976 constanter

214 3015 339 3059 censeo:
361 3009 460 3057 movet
480 3015 529 3054 me
560 2995 651 3054 eviter
672 2995 789 3073 Apuleii
810 2997 895 3055 locus
915 2996 991 3054 Met.
1015 3003 1043 3056 2.
1066 3006 1133 3073 post
1152 2995 1230 3053 med.
1251 3016 1282 3073 p.

216 3083 283 3139 125.
298 3075 348 3158 qui
359 3075 488 3136 inferiori
501 3075 552 3132 illo
566 3093 640 3143 aevo,
651 3087 807 3133 matronam
810 3074 937 3154 flebilem
940 3075 1031 3155 fusca
1041 3085 1113 3134 ueste
1121 3082 1282 3143 contemnat,

213 3153 367 3226 describit,
381 3175 441 3214 non
462 3165 496 3214 ut
516 3153 630 3222 debuit,
656 3153 741 3211 alba:
772 3171 830 3212 nec
848 3167 948 3212 tamen
972 3154 1119 3222 demovet,
1140 3153 1284 3230 quianut

212 3235 345 3314 priscum
365 3234 455 3292 ritum
475 3232 506 3290 in
520 3231 618 3290 auimo
632 3231 745 3302 habuit,
759 3239 793 3288 ut
806 3232 891 3301 solet,
905 3233 1068 3310 Apuleius;
1088 3241 1139 3290 aut
1159 3231 1240 3290 aliud
1253 3231 1283 3286 iu

211 3313 373 3394 provinciis
392 3312 460 3383 fuit,
474 3310 525 3369 ubi
545 3309 577 3366 id
596 3320 730 3386 gestum:
749 3327 832 3368 more
851 3310 976 3370 Graecia
995 3310 1136 3370 videlicet
1154 3319 1282 3378 retento,

214 3391 294 3472 apud
308 3409 382 3471 quos
394 3389 511 3450 feminee
524 3387 555 3444 in
567 3386 651 3446 luctu
665 3387 765 3466 nigrae.

257 3550 343 3610 Aua.
384 3547 442 3604 Pro
451 3555 535 3603 veste
548 3543 633 3622 nigra
644 3542 779 3602 Tibullus
790 3544 870 3602 clare
883 3555 940 3616 est,
950 3550 980 3614 3,
991 3549 1021 3615 2,
1035 3546 1079 3608 17.
1120 3546 1210 3615 Pare,
1222 3561 1284 3626 qaoe

215 3627 276 3688 sola
289 3625 344 3686 mei
356 3623 500 3702 superabit
513 3622 649 3702 corporis,
661 3642 722 3681 osso
731 3623 858 3682 incincta
868 3623 956 3704 aigro
966 3623 1088 3683 candida
1098 3625 1287 3703 oestelegoutr

215 3711 255 3766 At
268 3705 370 3765 Livius
380 3702 578 3781 suspicionem
584 3700 671 3770 facit,
680 3699 751 3758 nihil
761 3700 795 3758 ‘in
805 3713 888 3759 veste
896 3713 1052 3771 mutatum,
1066 3703 1119 3760 sed
1129 3703 1285 3762 dumtaxat

216 3786 248 3844 in
268 3782 403 3842 muliebri
425 3780 545 3838 mundo.
585 3778 694 3837 Valerii
723 3789 805 3837 certe
830 3779 954 3838 Tribuni
980 3780 1010 3837 in
1033 3781 1131 3858 legem
1158 3780 1287 3859 Oppiam

217 3863 308 3923 verba
322 3860 402 3940 apud
415 3879 484 3918 eum
497 3868 566 3916 sunt
580 3861 629 3928 34,
644 3863 671 3923 7.
711 3856 849 3917 Mulieres
867 3859 936 3936 quid
946 3859 1026 3918 aliud
1043 3858 1075 3917 ia
1094 3858 1185 3930 iactu,
1205 3879 1287 3936 quam

238 3961 374 4020 urpuoam
395 3947 478 4016 atque
498 3957 609 4004 aarum,
629 3935 795 4013 depoauat?
822 3937 965 4026 quidcem
979 3935 1138 4007 eluserunt,
1151 3943 1289 3997 sumunt?

174 4027 178 4034 '
214 3963 305 4087 bam,
320 4017 400 4096 quod
415 4017 520 4076 Festus
528 4013 664 4082 tradidit,
674 4014 810 4092 lugentes
822 4034 853 4070 m
863 4015 988 4092 pellibus
999 4016 1102 4084 fuisse,
1110 4017 1287 4094 aiot-‚ouanti-

215 4097 261 4166 iss
276 4107 329 4154 est.
368 4095 487 4166 Pelleta,
501 4093 606 4172 inquit,
620 4092 722 4152 babere
736 4093 1012 4185 Herculesfiagitur,
1022 4105 1053 4153 ut
1067 4093 1188 4153 inminet
1197 4093 1288 4155 totta

214 4174 326 4254 antiqui
347 4175 554 4234 admoneantur.
596 4174 744 4250 Lagautes
771 4192 877 4251 quoque
895 4174 992 4232 dicitu
1010 4172 1100 4232 luctus
1119 4174 1149 4232 ia
1166 4170 1289 4250 pellibus

215 4265 294 4316 aaut.
332 4252 415 4313 Nihil
436 4253 495 4314 tale
515 4251 641 4331 reperio,
656 4248 712 4310 nisi
726 4252 875 4310 consentis
886 4253 969 4323 mibi,
982 4270 1089 4329 magne
1102 4248 1186 4310 Festi
1198 4251 1289 4311 intar-

217 4329 297 4416 prss,
311 4333 368 4412 (te,
379 4331 533 4410 Scaliger,
554 4328 685 4409 appello)
707 4340 741 4390 ut
761 4329 905 4409 accipiam
924 4331 963 4390 de
981 4329 1073 4390 laneis
1093 4329 1193 4406 vittis3
1216 4349 1308 4407 quas,

217 4412 356 4474 mulieres
372 4411 406 4473 in
429 4413 513 4474 luctu
532 4407 701 4489 sumpsisse,
716 4427 739 4472 ,s
758 4408 845 4475 variis
868 4410 1050 4490 scriptarum
1068 4409 1144 4486 iacis
1165 4415 1289 4488 certum,
