3034 4967
247 245 292 311 64Ι
606 242 660 299 DE
681 241 943 303 ounroutuus

205 399 209 403 ’
246 406 305 482 Ut,
321 403 346 467 si
360 402 392 479 io
407 402 534 467 Graecis
547 414 639 466 natus
653 424 743 479 esses,
758 403 815 468 uhi
833 401 968 468 ludicras
980 425 1109 502 quoque
1121 415 1202 471 artes
1214 424 1305 473 exer·

244 513 313 555 cere
326 489 491 553 honestum
504 499 561 564 est,
574 508 611 551 ac
625 486 682 551 tibi
698 488 871 553 Nicostrati
885 490 982 553 robur
994 512 1032 553 ac
1042 512 1123 553 vrres
1134 491 1189 554 Dii
1199 492 1302 557 dedis·

244 568 323 651 sent,
339 594 400 637 non
414 586 536 658 paterer
553 571 692 637 inmanes
708 572 778 647 illos
791 587 824 637 et
844 573 885 637 ad
905 596 1045 662 pugnam
1062 566 1153 641 natos
1173 576 1305 641 lacertos

243 660 368 725 levitate
377 654 475 742 jaculi
489 670 546 720 aut
564 655 651 741 jactu
666 656 743 721 disci
757 681 937 734 vanescere3
961 659 1004 723 sic
1017 681 1101 723 nunc
1115 677 1147 724 te
1159 661 1201 724 ab
1213 662 1304 726 audi-

245 744 331 810 toriis
344 756 375 806 et
384 740 512 805 theatris
526 740 559 804 in
569 740 673 807 forum
685 755 716 806 et
724 743 764 807 ad
778 766 901 807 caussas
912 744 994 808 etad
1006 766 1078 808 vera
1088 744 1301 831 proeliavoco3

244 851 316 895 cum
337 826 508 914 praesertim
528 848 567 889 ue
581 826 622 890 ad
642 826 678 890 id
689 828 817 913 quidem
829 828 924 892 coufu
964 852 997 891 re
1010 829 1118 914 possis,
1131 830 1219 915 quod
1239 830 1304 916 ple-

243 914 348 999 risque
369 910 592 999 patrocinatur,
609 924 770 997 tamquam
794 912 897 976 minus
917 852 1088 978 diuortium
1116 915 1157 979 sit
1177 915 1303 979 offensae

243 1012 416 1086 poetarum,
439 1018 535 1081 quam
556 1008 725 1075 oratorum,
748 996 898 1062 studium.
942 998 1126 1063 Effervescit
1147 1000 1230 1063 enim
1256 1001 1302 1064 vis

242 1082 459 1170 pulcherrimae
480 1093 601 1145 naturae
621 1096 702 1155 tuae3
727 1103 784 1145 nec
803 1104 862 1167 pro
882 1083 981 1146 amico
999 1083 1115 1169 aliquo,
1135 1084 1200 1162 sed,
1215 1085 1301 1169 quod

242 1167 444 1255 periculosius
462 1178 519 1243 est,
541 1188 599 1252 pro
619 1168 738 1230 Catone
757 1167 906 1230 offendis:
927 1189 983 1231 nec
1004 1183 1170 1232 excusatur
1187 1170 1303 1233 offensa

242 1252 467 1318 necessitudine
489 1250 591 1329 officii,
616 1264 671 1315 aut
699 1251 762 1315 fide
786 1252 1005 1331 advocationis,
1028 1267 1083 1316 aut
1110 1253 1249 1317 fortuitae
1270 1268 1302 1319 et

242 1337 355 1403 subitae
369 1335 511 1400 dictionis
528 1336 654 1422 inpetu:
678 1348 711 1400 at
725 1348 761 1400 tu
781 1337 948 1401 meditatus
962 1337 1075 1401 videris
1093 1337 1219 1423 elegisse
1232 1362 1302 1424 per-

242 1445 349 1487 sonam
364 1420 539 1499 notabilem,
554 1435 672 1485 etcum
686 1422 869 1486 auctoritate
883 1421 1045 1486 dicturam.
1090 1422 1208 1500 Sentio,
1223 1423 1302 1509 quid

242 1506 420 1609 responderi
438 1505 551 1591 possit:
574 1505 647 1569 hinc
670 1507 811 1591 ingentes
831 1506 976 1570 exsistere
996 1506 1155 1586 adsensus,
1178 1507 1249 1571 hinc
1269 1509 1301 1571 in

241 1592 253 1656 i
303 1616 317 1659 s
330 1590 491 1657 auditoriis
504 1591 661 1676 praecipue
674 1589 806 1670 laudari,
821 1604 853 1655 et
867 1610 940 1653 mox
954 1590 1092 1653 omnium
1108 1592 1301 1658 sermonibus

241 1614 327 1745 liiii.
371 1675 464 1740 Tolle
483 1675 580 1761 igitur
598 1675 711 1761 quietis
729 1686 761 1737 et
783 1673 954 1739 securitatis
974 1674 1213 1751 excusationem,
1228 1700 1300 1741 cum

242 1762 299 1826 tibi
314 1784 417 1827 sumtu
430 1760 640 1825 adversarium
662 1758 868 1844 superiorem:
891 1758 981 1822 nobis
1002 1757 1075 1822 satis
1096 1760 1146 1838 sit,
1164 1760 1302 1846 privatas

240 1861 276 1913 et
296 1847 393 1913 nostri
418 1845 521 1911 saeculi
546 1843 768 1909 controversias
790 1844 880 1921 tueri,
904 1843 938 1906 in
962 1842 1079 1929 quibus
1101 1845 1252 1931 expressis
1275 1846 1301 1910 si

266 2074 401 2123 Nicostrati
409 2072 489 2137 ratur]
499 2072 536 2119 De
543 2086 589 2134 quo
596 2070 697 2127 Quintil.
703 2071 727 2126 2,
733 2071 757 2116 8.
788 2066 920 2116 asteriscum
931 2068 987 2131 poni
998 2067 1066 2116 velim
1074 2076 1128 2118 onte
1135 2072 1231 2119 verbum
1238 2072 1299 2118 Istuc.

241 2136 291 2202 (9.)
322 2139 358 2186 At
372 2138 394 2184 si
402 2138 493 2199 suerit,
510 2138 550 2195 qai
566 2134 691 2190 docebitur,
709 2133 755 2186 ute,
789 2131 864 2179 Lirs.
870 2132 1302 2197 PlscetAcidsliiesistere,psueslris.

240 2218 309 2265 quem
317 2202 466 2247 adcurrentes
476 2212 552 2245 serrem
560 2198 670 2249 vidimus,
679 2197 756 2242 Ntoo·
789 2194 835 2242 Sed
843 2195 906 2258 quod
914 2198 1025 2260 sequitur,
1036 2196 1123 2243 mirum
1131 2206 1173 2255 est,
1184 2198 1301 2246 neminem

239 2272 338 2319 strutus,
349 2263 454 2309 omuibus
465 2263 490 2308 in
505 2260 636 2307 seducendi
646 2260 756 2319 partibas
788 2268 877 2306 notasse
887 2260 1040 2317 scribendum,
1057 2260 1106 2306 lum
1120 2262 1146 2306 irs
1160 2263 1218 2322 ipris
1233 2263 1302 2309 audi-

241 2330 352 2376 simttiter
363 2331 450 2383 staur,
462 2324 669 2386 efficietqusillum,
681 2324 757 2383 qualis
789 2325 856 2369 tors'is
863 2325 983 2385 precipue
993 2323 1093 2370 laudari.
1116 2324 1207 2372 Gnosi.
1227 2324 1301 2373 Mss.

239 2393 280 2441 bie
296 2392 360 2454 suit,
382 2390 490 2436 luctando
507 2387 680 2450 pugnandoque
701 2389 757 2447 (quo
788 2387 977 2444 vetitis-tic,-
992 2388 1197 2450 beneutopinoss
1210 2403 1264 2435 nam
1276 2389 1301 2436 in

240 2463 338 2517 retroque
349 2454 474 2503 certamine
484 2453 567 2498 iisdem
575 2451 654 2498 cetus
662 2464 756 2497 carosn-
805 2450 976 2499 rimomsnbro
983 2452 1038 2498 hinc
1045 2460 1103 2499 etex
1110 2452 1301 2500 hiseademsunt.

241 2522 322 2579 barm)
340 2521 463 2569 invictam.
496 2513 567 2573 Quod
582 2514 659 2576 ipsum
675 2514 756 2563 suadet
788 2466 861 2562 lirin.
895 2515 997 2563 Acidalii
1010 2515 1201 2573 emendationem,
1216 2525 1302 2579 quaset

240 2584 270 2633 de
281 2582 426 2642 Quintiliano
436 2580 510 2627 libelli
518 2575 694 2639 hubrsauctore.
718 2578 756 2627 Ac
788 2578 878 2626 Mureti
899 2579 982 2636 fuerat,
1003 2579 1087 2639 recipio
1110 2593 1165 2626 eum
1189 2579 1304 2635 Schunfl..

240 2648 271 2696 de
282 2646 413 2695 Nicostrate
420 2643 545 2708 palestrita
552 2642 623 2699 etiem
630 2643 757 2691 Pausanias
788 2642 843 2705 Bip.
855 2651 879 2690 et
889 2642 1004 2690 Schulzio.
1037 2642 1141 2689 Schelius
1151 2641 1222 2690 dabst
1238 2646 1301 2690 ecci.

241 2714 267 2773 ὅ,
279 2713 319 2759 21.
353 2711 427 2757 lites·
789 2709 854 2753 turis
872 2705 1056 2768 Schulting.esse
1066 2704 1307 2769 tremiscamus.

276 2777 308 2823 Et
326 2775 357 2820 ae
375 2786 485 2835 pugnarn
506 2769 757 2835 natos100pulsm's
789 2769 1072 2819 Gesnerustollivolebat
1086 2784 1116 2816 es
1129 2770 1175 2830 his,
1189 2779 1302 2833 tanquam
1369 2805 1390 2817 .

236 2838 390 2889 ,Rhensuoet
445 2834 756 2900 .neglectamcxsutiquio-
788 2833 901 2896 glossema
921 2837 960 2879 τοῦ
979 2833 1042 2879 tenc.
1083 2833 1150 2881 Brut.
1172 2835 1250 2896 locum
1268 2835 1302 2883 its

241 2852 536 2953 emamusuiiiicnma
788 2896 973 2945 constitumdum
994 2898 1107 2957 putabat:
1134 2899 1215 2945 Sentio
1236 2913 1258 2959 q.
1280 2915 1302 2947 s.

281 2966 321 3015 At
337 2966 462 3013 auditoriis
500 2977 531 3011 sc.
554 2963 595 3017 ubi
616 2963 758 3011 recitationes
783 2963 876 3022 possit:
892 2962 985 3021 placere
1000 2961 1049 3007 ltoec
1064 2962 1302 3020 argumentosius

239 3030 334 3087 habites,
344 3030 401 3077 item
412 3028 454 3076 ubi
480 3028 587 3078 scismati
594 3028 687 3076 solebat
704 3029 758 3076 Au·
787 3032 829 3071 etc.
846 3023 936 3071 Verum
951 3023 995 3070 ists
1011 3023 1121 3085 longuida
1131 3023 1245 3079 forentet
1260 3041 1302 3073 su·

232 3094 324 3145 ‚ditaris
333 3094 404 3141 etism
419 3108 457 3155 ap.
472 3092 577 3139 Plinium
592 3101 616 3140 et
632 3091 757 3149 Quintilia-
787 3086 883 3150 perflue.
911 3086 1023 3135 Gronovii
1031 3087 1080 3135 hac
1088 3088 1139 3147 jam
1146 3086 1303 3144 Burmannus

238 3172 301 3207 num
316 3158 366 3206 foro
382 3165 405 3204 et
420 3156 478 3205 veris
492 3156 576 3205 caussis
594 3163 757 3219 opponuntur,
787 3167 856 3199 suurn
873 3151 934 3200 fecit.
976 3149 1023 3199 Sed
1041 3150 1066 3198 in
1084 3151 1148 3215 vulg.
1167 3150 1303 3216 intelligitur

233 3237 296 3295 ,que
310 3221 361 3274 locs
376 3220 467 3283 collegit
482 3218 616 3268 Perizonius
628 3219 657 3266 de
669 3218 759 3266 Praeto-
788 3223 852 3263 vates
861 3216 919 3279 ipse,
930 3229 978 3263 non
987 3230 1053 3279 opus.
1289 3246 1292 3251 -

243 3299 278 3333 rso
303 3286 377 3333 .2⁰2.
409 3284 480 3334 Eun.
815 3279 1302 3342 Advers.supess0rm]1>0oenfiorem‚scn

236 3376 238 3387 ι
277 3302 410 3425 dierectum
433 3350 465 3396 sit
486 3346 607 3409 offenders]
628 3344 758 3420 ‘Acidalius
789 3342 932 3421 Principem,
941 3358 1012 3407 quem
1024 3341 1113 3421 Catone
1124 3352 1165 3392 tuo
1174 3344 1293 3398 offendes„

234 3411 758 3537 ffittttztttdtttttt
789 3408 1205 3532 duesdedit-{stit
1214 3423 1303 3533 stt

242 3542 302 3589 dere.
326 3540 406 3589 Editio
413 3540 498 3590 Pithoei
507 3538 681 3598 hebetqffersis.
701 3535 757 3599 Bip.
788 3536 903 3596 repressit
918 3537 940 3581 st
958 3535 1050 3598 quondo
1065 3538 1196 3584 necessitas.
1227 3536 1303 3586 Iurs.

233 3604 324 3669 ‚legunt
344 3606 461 3666 offendisti,
485 3604 510 3651 h.
535 3616 556 3650 e.
581 3599 710 3661 offensioni,
731 3607 759 3646 ut
790 3598 881 3646 Sudant
895 3598 1037 3663 interpretes.
1077 3599 1146 3647 sea
1164 3600 1255 3656 fatetur,
1278 3615 1304 3650 se

233 3668 305 3733 ‚apud
322 3668 428 3717 Nonium
446 3676 489 3717 est
531 3665 578 3714 Sed
597 3668 682 3726 intensa
701 3677 758 3711 mox
790 3676 837 3709 nou
852 3678 933 3725 capere
951 3662 1008 3727 quid
1022 3662 1053 3710 sit
1067 3665 1189 3725 expressis.
1221 3664 1304 3713 Schul.

241 3734 315 3797 apud,
329 3734 407 3798 ipsum
429 3740 534 3781 nocuum
555 3727 660 3785 occurrit,
683 3741 758 3791 neque
789 3725 947 3789 ting.oonjiait
956 3727 1071 3789 inquibus
1081 3734 1105 3775 ct
1110 3728 1230 3789 professis,
1241 3728 1304 3791 quod

264 3877 279 3909 a
343 3878 373 3927 po
409 3875 450 3908 sec
464 3873 534 3906 erues
752 3888 759 3902 .
1262 3870 1304 3903 es·

233 3925 307 3990 ‚prius
318 3935 367 3975 erat
377 3930 508 3973 accusatur.
791 3932 878 3965 manno
887 3919 949 3967 delet
962 3923 987 3967 st
1003 3920 1125 3979 expressis,
1140 3918 1207 3981 qussi
1219 3919 1306 3982 glose-

274 3990 309 4038 As
320 3997 347 4038 tu
359 3987 496 4051 reductus]
514 3984 552 4031 Ita
569 3984 624 4031 Put.
644 3984 700 4032 Ber.
711 3998 758 4046 seq·
791 3996 837 4029 ms.
859 3982 923 4031 Mihi
934 3984 1049 4044 expressis
1058 3981 1121 4029 idem
1131 3990 1166 4029 est
1175 3983 1307 4046 ψυχραὶ.

231 4053 339 4130 Lipsius
348 4052 472 4117 particulas
486 4047 594 4112 neglexit.
629 4047 761 4096 Restituerc
792 4045 829 4093 tis.
860 4046 899 4095 Sic
909 4047 1012 4107 Cicpro
1024 4045 1113 4093 Archia
1126 4050 1182 4093 c9.
1196 4045 1306 4095 hacvooe
1393 4055 1396 4063 “

233 4118 299 4183 ,Bsp
792 4110 878 4158 utimrs
893 4110 1083 4158 Mithridaticum
1091 4110 1181 4159 uuum
1193 4140 1201 4155 .
1212 4136 1218 4151 ·
1230 4116 1306 4164 totum

276 4184 344 4233 Hinc
360 4179 475 4245 ingentes]
491 4176 615 4233 Deiectum
631 4175 721 4237 odoror,
739 4182 762 4225 et
784 4174 821 4250 'ct
831 4174 873 4223 soc
883 4188 1016 4239 repressum
1025 4179 1068 4222 est.
