3034 4967
104 308 107 315 .
190 268 247 326 156
326 262 357 322 J.
377 258 500 320 LlPSlI
522 257 743 320 EXCURSUS
764 261 821 319 AD
844 261 1001 322 ANNAL.
1023 264 1102 323 uns.-
1118 266 1172 325 Vl.

191 425 312 500 dumque
332 441 366 480 ea
386 418 526 480 demolitio
533 420 635 497 fleret,
659 419 813 478 Senatores
832 442 887 479 non
907 422 998 480 minas
1021 423 1112 480 XXX
1131 423 1268 483 adessent.

193 503 276 562 Suet.
290 501 379 558 Dom.
393 503 441 558 23.
485 501 605 557 Senatus
615 499 705 556 scalas
715 498 827 575 r'rfferm,
843 498 1009 579 clypeosque
1021 504 1194 580 etimagr'nes
1208 505 1270 578 ejus

192 602 289 642 coram
302 577 415 638 datrala'
428 589 456 636 et
465 578 554 657 affligi
567 576 625 636 solo
626 575 724 656 jussit.
765 578 879 647 Altera,
894 589 927 636 ut
940 598 994 656 per
1008 580 1152 660 impetum
1166 591 1197 638 et
1205 592 1268 641 tota

193 679 240 720 res
254 657 473 738 permitteretur
487 656 579 714 furori
595 655 713 715 cuidam
726 655 853 732 plebeio.
882 659 960 716 Tum
970 672 1134 738 receptum,
1147 661 1268 737 laqueos

192 738 296 799 statuis
311 736 462 797 altioribus
476 735 607 813 injicere,
624 746 715 812 atque
728 733 773 792 ita
786 734 953 794 detrahere.
992 739 1146 798 luvenalis
1156 743 1205 811 10,
1218 745 1266 799 58.

100 882 102 890 Ι
196 858 320 879 ......
335 815 503 874 descendunt
526 824 636 882 statua,
665 823 815 890 restemque
841 829 1008 894 sequuntur.
1058 819 1183 886 Seneca,
1214 839 1267 878 seu

193 896 257 976 quis
272 895 354 964 alius,
368 894 398 951 in
414 893 557 952 Octavia:
579 894 617 951 de
630 892 735 952 statuis
749 894 886 971 Poppaeae
903 915 931 952 v.
947 899 1004 959 797
1006 940 1129 958 ......
1142 899 1265 956 membra

188 997 245 1055 per
254 983 353 1053 partes
371 973 488 1032 trahant
501 974 636 1032 Deducta
654 969 787 1048 laqueis;
808 973 850 1032 ita
864 974 947 1042 enim
961 987 1045 1034 recte
1057 976 1119 1035 illic
1132 977 1267 1056 legimus,

191 1075 251 1114 non
264 1055 387 1112 diducta.
429 1051 540 1110 Plinius
552 1050 693 1130 graphice
707 1050 765 1108 hoc
780 1063 876 1111 totum
891 1053 1036 1133 depingit,
1051 1057 1161 1133 Paneg.
1177 1076 1203 1115 c.
1218 1060 1264 1117 52.

191 1135 276 1214 Ergo
290 1135 353 1192 ista
373 1131 485 1212 quidem
506 1152 592 1190 cerate
611 1142 640 1188 et
654 1149 763 1207 pauca
782 1141 892 1191 manera
911 1134 1112 1213 manebuntque
1133 1136 1268 1214 quamdiu

171 1215 173 1219 ’
190 1211 323 1294 templum
347 1212 456 1290 ipsum:
469 1209 530 1269 itta
543 1221 635 1270 autem
648 1230 745 1269 aureae
759 1218 787 1267 et
800 1211 1022 1283 innumerabiles,
1036 1228 1131 1294 strage
1143 1225 1172 1272 et
1183 1215 1267 1274 ruina

186 1291 417 1387 publicogaudio
428 1288 590 1348 litaverunt.
618 1289 746 1348 «Iuvabat
756 1291 865 1350 illidere
874 1294 934 1350 sola
944 1292 1154 1371 superbissimos
1163 1296 1267 1364 vultus,

191 1381 300 1431 mstare
305 1373 402 1450 fremo,
415 1369 514 1427 sauine
526 1368 676 1438 securibus,
691 1378 721 1426 ut
735 1370 761 1427 si
773 1368 898 1449 singulos
911 1371 983 1431 ictus
1002 1373 1120 1452 sanguis
1133 1370 1268 1452 dolorque

190 1460 360 1532 sequeretur.
407 1447 498 1506 Nemo
521 1457 580 1508 tam
601 1458 758 1528 temperans
773 1450 876 1526 gaudii
892 1470 1020 1531 seraque
1046 1451 1146 1529 (velim
1167 1452 1267 1522 scribi,

190 1535 336 1608 serasque)
348 1526 470 1597 latitius,
484 1528 552 1606 quin
561 1533 654 1586 instar
668 1525 783 1586 ultionis
793 1528 1053 1589 videretureernere
1062 1533 1168 1590 laceros
1177 1541 1266 1600 artas,

192 1618 322 1669 maneam
336 1607 466 1675 membra,
482 1616 624 1686 postremo
645 1614 739 1664 truces
759 1605 968 1686 homendasque
987 1608 1121 1686 imagines
1142 1609 1268 1686 abjectas

193 1689 274 1766 (lege
289 1685 426 1768 objectas)
446 1699 629 1764 eacoctasqae
636 1684 776 1760 flammis,
795 1695 828 1743 ut
846 1707 881 1745 en
900 1686 950 1746 illo
968 1697 1077 1746 terrore
1092 1697 1120 1745 et
1136 1687 1222 1746 minis
1233 1688 1265 1747 r'n

190 1789 273 1827 usum
287 1767 427 1826 lominum
442 1786 474 1824 ac
488 1763 644 1845 uoluptates
657 1763 771 1844 ignibus
790 1775 979 1826 mutarentur.
1018 1765 1089 1824 Mos
1102 1776 1203 1824 autem
1216 1767 1266 1826 hic

191 1846 348 1908 damnandi
363 1843 504 1920 imagines
518 1862 588 1901 sane
607 1842 753 1919 antiquus.
795 1844 844 1901 Ex
863 1845 1009 1904 Cicerone
1023 1845 1141 1922 colligo,
1157 1865 1212 1923 pro
1231 1847 1266 1907 C.

190 1925 314 1984 Rabirio
328 1929 357 1984 9.
401 1924 479 1982 Sent.
498 1922 526 1980 T
525 1922 604 1989 ttius,
620 1923 697 2000 quod
709 1921 805 1982 habuit
819 1924 969 2003 imaginem
982 1927 1020 1985 L.
1034 1924 1183 1982 Saturnini
1190 1926 1268 1984 domi

189 2027 262 2074 sace,
273 2004 470 2062 condemnatus
483 2012 532 2061 est.
549 2021 553 2028 “
576 2002 634 2060 Ubi
649 2012 679 2060 et
689 2001 748 2060 hoc
759 2002 851 2072 videS,
862 2004 958 2081 culpae
971 2004 1062 2061 fuisse
1073 2001 1120 2064 rel
1131 2003 1266 2080 privatim

191 2084 395 2144 damnatorum
409 2081 551 2158 imagines
564 2081 684 2140 habere.
726 2082 793 2144 Qua
806 2092 906 2139 mente
925 2083 998 2141 illud
1013 2080 1111 2140 Taciti
1124 2081 1267 2160 scriptum

192 2167 240 2234 11,
250 2166 298 2222 35.
338 2163 382 2219 Ac
389 2161 517 2240 primam
529 2159 561 2218 r'n
572 2161 705 2220 uestibulo
719 2158 872 2238 imaginem
880 2162 977 2242 patris
990 2159 1055 2219 Sitit
1065 2160 1122 2218 SC.
1133 2160 1266 2220 abolitam

192 2241 373 2302 demonstrat.
415 2239 543 2298 Pulchre
558 2239 730 2299 Ambrosius
746 2237 878 2297 Officior.
895 2245 986 2308 1,49.
1029 2238 1063 2298 δι’
1076 2243 1197 2320 tyranni
1212 2240 1265 2299 att-

191 2322 253 2401 quis
265 2319 413 2400 imaginem
427 2317 540 2392 lrabeat,
555 2338 646 2380 nonne
659 2318 797 2380 ohannins
809 2328 850 2380 est
863 2318 1064 2380 damnationi?
