3034 4967
449 218 554 279 nunti
575 214 715 275 AGRIC.
736 217 841 277 VITA.
857 216 941 281 cst).
955 223 1006 279 ts.
1214 219 1254 281 47

201 382 283 447 cimo
298 380 369 448 Kal.
387 380 543 466 Septemb.
568 378 698 479 Collega
716 379 886 465 Primoque
903 367 991 442 coss,
1037 375 1138 451 Quod
1154 379 1181 443 si
1197 378 1256 444 ba·

174 490 175 493 ¹
200 468 303 531 bitum
321 488 448 553 quoque
466 468 537 550 ejus
553 477 669 552 posteri
691 488 816 530 noscere
833 463 953 539 relint3
978 462 1136 529 decentior
1157 486 1254 551 quarn

201 552 361 617 sublimior
374 550 452 617 fuit:
476 550 553 613 nihil
572 564 674 617 metus
687 550 720 613 in
733 548 846 615 vultu:
874 548 977 635 gratia
992 550 1056 613 oris
1073 563 1253 635 supererat:

201 638 319 700 bonum
346 636 449 699 virum
472 635 562 699 facile
586 635 736 715 crederes,
761 657 910 732 magnum
931 634 1074 699 libenter.
1122 636 1169 700 Et
1188 635 1256 721 ipse

202 721 340 807 quidem,
363 721 556 807 quamquam
574 720 677 784 medio
693 720 727 783 in
747 732 846 807 spatio
859 719 989 805 integrae
1002 719 1101 799 aetatis
1119 734 1260 807 ereptus,

204 818 358 890 quantum
370 806 411 869 ad
429 804 573 891 gloriam,
597 802 813 891 longissimum
834 826 938 869 terum
954 803 1083 889 peregit.
1131 803 1258 891 Quippe

202 906 234 953 et
248 912 322 955 vera
334 891 427 968 bona,
449 914 522 977 quae
536 888 568 953 in
584 890 757 955 virtutibus
767 890 827 953 sita
840 902 926 965 saint,
946 889 979 951 in
1001 888 1127 966 leserat,
1141 901 1172 952 et
1186 910 1260 955 con-

203 973 358 1039 sularibus
383 996 419 1041 an
438 974 681 1061 triumphalibus
699 974 888 1039 ornamentis
906 912 1052 1058 praedito,
1074 974 1152 1060 quid
1170 974 1259 1039 aliud

203 1060 364 1123 adstruere
385 1060 512 1124 fortuna
533 1064 680 1145 poterat?
726 1059 856 1145 Opibus
877 1057 979 1123 nimiis
997 1081 1061 1123 non
1077 1057 1257 1143 gaudebatt

205 1145 352 1243 speciosae
366 1144 569 1231 contigerant.
591 1144 674 1207 Filia
691 1157 788 1231 atque
801 1166 901 1207 uxore
913 1142 1144 1229 superstitibus,
1157 1157 1259 1229 potest
1302 1205 1307 1211 .

203 1230 303 1291 vrderi
318 1229 411 1292 etiam
425 1230 555 1301 beatus;
575 1228 723 1293 incolumi
739 1228 904 1315 dignitate,
914 1226 1044 1293 florente
1057 1227 1152 1306 fama,
1168 1229 1262 1294 salvis

204 1312 418 1379 adfinitatibus
446 1326 478 1378 et
506 1313 657 1392 amicitiis,
686 1314 795 1379 futura
823 1311 979 1398 effugisse.
1039 1314 1134 1391 Nam,
1169 1314 1266 1379 sicuti

203 1398 318 1463 durare
342 1398 375 1461 in
401 1399 460 1462 bac
480 1398 649 1463 beatissimi
673 1398 778 1464 saeculi
801 1398 884 1475 luce,
907 1420 944 1461 ac
972 1396 1151 1483 Principem
1181 1401 1262 1466 Tra-

201 1484 313 1569 janum
328 1484 444 1561 videre,
469 1483 606 1570 quodam
623 1483 756 1571 augurio
770 1482 913 1569 votisque
932 1506 950 1545 a
973 1481 1019 1545 ud
1037 1498 1158 1547 nostras
1171 1505 1262 1547 aures

188 1568 422 1642 ‘ominabatum
456 1568 501 1633 ita
532 1567 685 1633 festinatae
717 1569 826 1633 mortis
855 1504 975 1653 grandi
1007 1566 1151 1631 solatium
1179 1568 1265 1646 tulit,

211 1653 340 1717 evasisse
375 1666 567 1739 postremum
601 1653 681 1718 illud
714 1668 848 1740 tempus,
873 1675 938 1737 quo
963 1652 1173 1730 Domitianus,
1199 1676 1264 1717 non

201 1737 268 1823 jam
283 1760 341 1823 per
355 1738 517 1803 intervalla
531 1761 566 1801 ac
581 1739 769 1823 spiramenta
789 1751 977 1833 temporum,
999 1737 1055 1804 sed
1070 1738 1218 1803 continuo
1231 1752 1264 1804 et

206 1820 296 1884 'velut
310 1844 374 1885 uno
387 1822 466 1897 ictu,
479 1822 720 1907 Rempublicam
735 1823 887 1887 exhausit

251 1905 363 1972 XLV.
387 1906 464 1969 Non
478 1904 557 1967 vidit
578 1907 728 1990 Agricola
747 1908 903 1968 obsessam
922 1905 1049 1981 curiam,
1071 1916 1103 1966 et
1123 1905 1263 1969 clausum

206 1990 301 2054 armis
317 1992 478 2067 Senatum,
502 2003 533 2052 et
548 1988 655 2052 eadem
670 2003 774 2075 strage
787 2002 834 2053 tot
848 1988 1066 2053 Consularium
1082 1989 1193 2069 caedes,
1218 2003 1265 2055 tot

211 2074 469 2138 nobilissimarum
503 2073 688 2137 feminarum
717 2072 825 2137 exsilia
853 2086 885 2137 et
912 2073 1015 2157 fugas.
1058 2073 1135 2137 Una
1162 2076 1266 2139 adhuc

208 2159 337 2223 victoria
351 2162 452 2224 Carus
475 2156 596 2223 Metius
614 2160 809 2236 censebatur,
835 2170 867 2221 et
882 2157 965 2221 intra
983 2156 1143 2222 Albanam
1162 2182 1265 2224 arcem

209 2316 263 2355 ante
271 2308 336 2371 Ia'ps
346 2315 391 2367 ter,
400 2308 468 2357 male.
496 2310 605 2356 Tertium
614 2310 664 2369 jam
672 2324 721 2357 nor·
754 2309 857 2369 augaaeio
870 2315 905 2355 est
919 2307 943 2354 in
956 2308 1020 2354 libris
1034 2315 1089 2355 ante
1102 2308 1179 2357 Rhea.
1196 2310 1267 2373 idque

210 2371 298 2434 rigebat
310 2372 415 2420 Ursinus.
440 2374 511 2420 Ena.
532 2372 593 2420 Mox
604 2387 648 2433 pro
659 2374 724 2421 LVI
754 2385 798 2417 nos
813 2371 972 2433 reposuimasc
989 2384 1065 2433 neque
1079 2387 1107 2420 co
1121 2374 1197 2421 deleto
1211 2376 1267 2422 satis

210 2450 280 2493 auno,
296 2436 361 2483 Brot.
378 2438 429 2483 vult
447 2438 519 2491 LIV,
537 2436 563 2483 ni
580 2437 644 2499 prius
661 2436 724 2499 legas
754 2434 806 2482 loco
815 2434 950 2481 consulitur.
981 2437 1014 2481 In
1024 2436 1084 2481 tanc
1094 2439 1167 2484 lucem
1176 2438 1267 2501 corrigit

213 2502 271 2548 Caio
283 2502 339 2547 Coes.
347 2502 454 2561 priosum
468 2502 573 2549 Concide.
598 2500 725 2548 Ssdsami·
754 2497 886 2557 Acidaiius,
897 2500 962 2546 bene
986 2498 1059 2546 Eas.
1086 2500 1148 2549 Vide
1157 2514 1267 2548 moxne-

210 2563 291 2614 liarem
304 2563 404 2623 Tacito,
424 2572 451 2610 nt
469 2564 521 2611 aliis
537 2562 659 2621 historicis,
676 2578 725 2613 esse
755 2570 810 2611 tata·
1031 2608 1035 2615 .

210 2628 282 2675 talem
293 2642 391 2675 onorem
402 2627 484 2675 calcidi
494 2628 594 2677 Ssvilius
603 2630 716 2675 observat.
784 2625 1189 2737 Vicimomimbatuffblimmsitot
1196 2643 1269 2678 annos

244 2692 320 2739 Nun
327 2698 401 2738 mons
409 2694 435 2739 in
444 2692 524 2755 vebs]
536 2692 593 2739 MS.
601 2691 656 2739 Vct
667 2692 725 2740 alter
755 2698 810 2739 anta
819 2690 951 2753 mugiit!
964 2704 1007 2737 nec
1030 2693 1269 2756 cTrajanoullaspes

210 2756 273 2816 situ
286 2757 406 2816 impetos,
422 2756 480 2803 alter
489 2756 591 2803 in'textu
601 2763 725 2819 utramque
755 2762 798 2801 sot
812 2753 929 2816 mspiciog
946 2752 992 2801 nisi
1008 2755 1028 2802 si
1043 2757 1108 2804 Deus
1122 2762 1223 2805 mentm
1233 2756 1269 2807 ilii

210 2819 333 2867 lectiam
344 2820 470 2882 conjungit.
497 2820 558 2868 sans
567 2826 642 2866 meno
651 2820 677 2865 in
684 2820 725 2867 ds-
755 2818 838 2876 movit,
857 2826 898 2865 sut
915 2826 993 2865 nostro
1009 2820 1113 2884 scriptori
1132 2820 1269 2876 Blanditias

212 2882 335 2944 scriptione
350 2882 391 2929 tali
404 2883 444 2931 vix
458 2884 536 2931 locum
550 2882 634 2931 habere
648 2882 725 2931 udes-
756 2880 821 2944 qaod
836 2895 884 2928 uon
899 2883 963 2929 solet.
997 2882 1073 2933 Lus.
1105 2883 1175 2931 Hanc
1190 2894 1271 2931 notem

211 2954 267 3001 tura
287 2946 327 2993 sed
337 2946 455 3011 expressit,
467 2954 494 2994 ut
504 2946 594 3010 opinor,
608 2948 726 3011 ἀταραξίαν
756 2945 846 3009 peperit
855 2945 967 3000 omissum
978 2962 993 2993 a
1002 2948 1118 2996 Rhenano
1127 2949 1196 3008 qaod,
1207 2947 1273 2995 unde

212 3020 356 3073 perpetuam,
367 3011 557 3073 tranquillitatem
565 3010 651 3058 vultus.
674 3014 726 3058 Im·
758 3010 906 3056 amicabatur
926 3024 980 3056 orm
997 3013 1076 3058 nidere
1091 3012 1177 3069 oonjtrn
1195 3010 1213 3055 't
1228 3010 1272 3057 Li-

209 3080 279 3147 pctur
289 3074 319 3121 de
329 3074 396 3121 vultu
406 3074 446 3121 rix
456 3074 540 3123 dicitur
553 3083 595 3121 sut
608 3074 728 3124 commode
758 3072 831 3145 psius·
863 3072 988 3119 Ominatns
1003 3082 1095 3149 tapnim
1111 3081 1162 3147 est,¹
1223 3091 1226 3097 ·
1244 3082 1272 3125 nt

214 3266 316 3327 inuitem
330 3266 408 3327 possit.
442 3266 480 3315 sic
490 3266 538 3313 fere
549 3264 618 3313 otta.
630 3265 692 3327 Met
703 3269 727 3325 2,
759 3264 823 3320 νίας
834 3263 906 3325 quod,
915 3273 967 3329 post
977 3265 1131 3323 eventum,ad
1143 3264 1274 3327 'linianum

153 3327 158 3335 '
215 3329 271 3383 857.
295 3331 381 3377 Natta
388 3331 500 3393 instante
507 3332 585 3389 aniam,
594 3331 728 3393 sechrmi.
759 3327 829 3375 refert
843 3326 945 3376 Tacitus
976 3328 1023 3377 Sed
1039 3330 1168 3378 Meuanas
1183 3330 1275 3382 videtur

105 3442 109 3449 ,
215 3394 290 3440 debile
301 3395 397 3450 lumem
408 3408 493 3456 pacem
504 3394 663 3441 amentata.
681 3393 730 3441 Ta-
760 3390 869 3439 delevisse
885 3394 953 3453 quod,
970 3393 1115 3441 ntinlinitivi
1125 3395 1219 3455 durare,
1237 3397 1274 3441 oi-

214 3457 259 3504 oite
270 3456 433 3505 Domitianum
444 3475 459 3505 a
468 3466 545 3505 nostro
552 3457 616 3519 tangi
625 3458 728 3505 Virdun-
761 3456 822 3513 dere,
838 3454 1059 3516 baberentvcrbum,
1070 3474 1084 3506 e
1094 3473 1142 3522 quo
1151 3459 1275 3521 pendeant.

214 3522 682 3635 {³¹¹⁸⁸uilioeii¹1lss⁰⁰impigmclivffm
692 3524 730 3569 irc
761 3518 812 3567 Vix
828 3518 917 3595 dubim,
934 3531 976 3568 aut
993 3522 1112 3634 {xddisstca
1121 3522 1275 3633 hmffipid,

225 3598 331 3633 nocue.
379 3602 421 3633 ¹.
529 3597 815 3633 .u1aecnnnnctn
868 3598 907 3632 ctu
981 3600 997 3632 n
1076 3600 1275 3633 s.rum

215 3646 315 3709 placent,
332 3650 415 3712 poterit
430 3601 484 3698 nipast
500 3649 555 3712 Bip.
570 3648 655 3711 legere,
669 3634 735 3697 anti
762 3598 852 3701 tolitp?
863 3657 905 3695 aut
916 3595 1179 3711 rgnpopsssamgm'
1205 3651 1275 3695 Nom

216 3714 321 3775 ineptam
332 3714 359 3759 in
370 3714 445 3774 vulto,
459 3713 522 3778 quod
532 3714 588 3761 scite
597 3713 690 3761 firmant
701 3728 730 3761 ex
762 3715 823 3761 scut
830 3713 997 3774 beatissimum,
1005 3716 1093 3762 durare
1103 3718 1129 3761 is
1136 3716 1196 3760 hoec
1204 3714 1276 3759 secati

218 3775 270 3825 cie.
283 3777 349 3825 Orat
362 3778 401 3825 la.
763 3780 837 3825 hwa·
855 3784 897 3824 etc.
929 3775 1001 3825 Ean.
1033 3778 1159 3841 Egregium
1180 3776 1275 3824 medici.

250 3842 362 3903 Speciosae
383 3840 540 3903 contigerant]
562 3842 588 3889 Si
609 3840 731 3893 audiamus
762 3854 818 3889 nam
828 3840 879 3887 loco
891 3842 952 3889 mele
964 3842 1053 3891 ribato
1065 3843 1138 3890 sees
1151 3838 1206 3903 Bip.
1221 3854 1276 3889 mu.

217 3902 321 3953 Dionem
332 3906 371 3964 66,
381 3908 420 3952 20.
437 3904 557 3965 Agricola,
568 3921 597 3954 ex
608 3906 732 3953 Britannis
762 3915 811 3954 tato
820 3906 880 3965 qnod
890 3904 915 3951 in
926 3908 1032 3966 wodani.

217 3969 300 4027 redux,
319 3968 435 4031 reliquum
452 3970 547 4017 vitain
565 3968 693 4033 ignominia
707 3977 731 4017 et
800 3971 869 4017 Velut
879 3983 926 4016 uno
936 3966 1276 4035 aau18icnecstiguusme.

217 4040 352 4095 paupertate
362 4033 476 4094 transegit.
763 4033 916 4093 cadeiraii,
930 4036 969 4084 19,

251 4098 320 4143 Nam
330 4098 392 4145 sinit
403 4098 490 4143 durare
501 4096 556 4161 otc]
567 4096 731 4145 Excidissehic
799 4100 845 4146 Tot
862 4098 956 4145 emunt
974 4096 1057 4160 πᾶσι]
1073 4095 1104 4143 V.
1122 4096 1184 4144 Plin.
1200 4113 1237 4161 ep.
1251 4104 1278 4155 3,

218 4160 314 4222 aliquid,
324 4173 373 4207 non
383 4159 473 4217 dubito,
482 4159 558 4208 simile
566 4160 603 4207 illi
613 4160 676 4224 quod
684 4161 731 4209 Ur·
766 4162 803 4210 ll.
815 4165 880 4212 Suet.
890 4178 912 4209 c.
928 4164 963 4207 10.

218 4223 283 4271 sinus
296 4223 369 4283 affert,
386 4224 440 4271 cV.
454 4224 482 4272 C.
498 4238 561 4272 more
573 4239 624 4282 suo,
639 4226 732 4285 magum
767 4229 769 4233 '
797 4228 877 4275 Com
888 4227 1136 4291 Mesucmetatur]
1151 4225 1213 4274 Edd-
1224 4233 1279 4272 ante

218 4288 339 4350 cujusdam
348 4288 532 4349 felicitatisest:
548 4291 670 4351 namquod
677 4297 732 4339 ante
763 4290 841 4339 Rhea.
851 4288 1117 4339 muctamsusctm.
1135 4290 1276 4339 Smsusoetz
