3034 4967
554 264 614 320 AD
637 263 797 321 ANNAL.
820 260 899 321 LIB.
920 261 977 318 III.
1238 264 1291 320 lltt

745 507 769 564 Ι.

654 664 746 724 CAP.
768 661 851 722 LIII.

257 825 378 886 Seuncs
397 829 447 887 De
461 827 565 888 Benes.
580 831 609 896 7,
622 833 651 888 9.
701 829 786 887 Video
807 827 921 884 uniones
942 847 998 884 non
1018 825 1146 905 singulos
1165 825 1289 906 singulis

217 904 528 998 curibuscornporutos:
547 907 624 985 (jam
633 907 704 966 enim
713 905 1288 984 enercitotoeouresonerijereudosunt5)

205 988 376 1064 junguntur
393 997 467 1045 enter
482 1008 512 1046 ee
529 1001 558 1045 ct
575 988 691 1066 insuper
705 985 759 1044 clii
777 986 838 1043 bini
850 998 1048 1062 supponuntur
1061 984 1149 1060 (forte
1162 1006 1287 1065 suppun-

214 1077 334 1142 guntur,
358 1065 405 1125 ed.
426 1066 519 1126 Gron.
542 1066 794 1148 superponuntur).
836 1064 904 1121 Non
925 1064 996 1122 sotis
1015 1062 1157 1122 muliebris
1177 1064 1289 1123 insanin

215 1143 291 1203 viros
303 1145 471 1224 subjecerat,
485 1145 541 1205 nisi
554 1146 621 1204 bino
636 1167 671 1204 oc
685 1159 766 1202 ternu
775 1143 950 1280 patrimonio
964 1142 1088 1222 singulis
1103 1143 1221 1202 curibus
1234 1165 1289 1232 pe·

212 1223 386 1299 pendissent.
426 1225 548 1282 Tertull.
561 1236 659 1298 acute,
673 1225 721 1282 De
736 1243 775 1281 cu
787 1234 820 1280 tu
833 1222 903 1280 fem.
922 1226 946 1290 I,
958 1227 988 1282 9.
1030 1223 1161 1280 Graciles
1173 1242 1287 1281 aurium

217 1314 294 1360 cutes
303 1302 494 1362 calendarium
504 1305 673 1382 expendunt,
685 1303 751 1362 etin
761 1302 874 1360 sinistro
884 1321 940 1378 per
949 1300 1077 1380 singulos
1086 1302 1190 1381 digitos
1199 1303 1290 1361 sacris

218 1380 338 1460 singulis
347 1381 427 1440 ludit.
461 1382 643 1459 Augustinus
654 1384 711 1441 hoe
724 1381 848 1458 amplius
859 1379 1002 1458 queritur,
1010 1399 1064 1438 suo
1074 1399 1138 1438 aevo
1149 1381 1289 1439 insanisse

217 1457 249 1514 in
263 1461 342 1536 turpi
356 1459 411 1518 isto
425 1461 538 1520 aurium
553 1462 635 1519 cultu
649 1461 738 1520 etiam
752 1461 846 1526 viros;
861 1477 950 1534 quem
963 1459 1041 1527 vide,
1052 1459 1077 1515 si
1089 1460 1182 1529 lubet,
1197 1460 1290 1537 Epist.

219 1541 269 1594 84.
284 1537 360 1595 Eum
371 1540 494 1598 luxurias
503 1541 591 1599 ritum
601 1539 711 1599 referre
719 1539 839 1616 quidam
848 1549 992 1596 conantur
1001 1538 1038 1595 ad
1047 1559 1141 1596 aevum
1150 1539 1290 1615 priscum,

219 1633 258 1674 ex
271 1615 380 1674 Valerii
394 1619 490 1677 verbis
504 1624 532 1688 5,
547 1623 577 1687 2,
594 1625 618 1678 I.
639 1619 676 1677 de
690 1617 799 1677 Martio
815 1616 972 1676 Coriolano
987 1630 1111 1675 exorato
1125 1637 1143 1676 a
1155 1618 1289 1676 feminis:

219 1695 258 1753 In
279 1717 399 1774 quorum
421 1696 554 1757 bonorem
581 1701 703 1758 Senatus
723 1705 916 1756 matronarum
938 1696 1063 1754 ordinem
1083 1696 1291 1773 benignissimis

221 1773 342 1834 decretis
352 1775 508 1836 adornauit.
548 1775 652 1835 Sensit
663 1797 792 1854 numque,
802 1775 968 1855 utifeminis
977 1777 1075 1834 semita
1086 1776 1141 1834 oiri
1152 1777 1290 1844 cederent,

222 1855 362 1932 corpissus
378 1852 445 1930 plus
466 1855 565 1912 solutis
580 1856 665 1934 Reip.
679 1856 709 1914 in
723 1854 808 1921 stole,
823 1875 907 1930 quom
925 1854 955 1911 in
974 1854 1173 1930 urmis,suisse
1182 1878 1194 1920 ,·
1216 1864 1291 1912 vetu-

217 1931 440 2010 stisqueourium
449 1932 607 2010 insignibus
615 1953 715 1994 nouum
722 1932 956 1992 uittaediscrimen
964 1932 1084 2006 adjecit.-
1095 1933 1291 2008 leguntenim,

219 2009 362 2069 inaurium
373 2011 542 2090 insignibus.
564 2011 633 2070 Non
644 2013 754 2091 probo;
768 2021 800 2068 et
809 2009 933 2074 fortasse
943 2028 1000 2068 nec
1010 2020 1081 2068 totae
1091 2011 1210 2088 quidem
1219 2023 1291 2070 tunc

220 2088 316 2148 Italiae
329 2109 463 2168 gemmae.
504 2091 686 2168 Scripserim,
701 2089 872 2168 vetustisque
887 2089 1006 2147 crinium
1020 2089 1198 2170 insignibus?
1224 2091 1290 2149 Cri·-

219 2168 306 2226 nibus
323 2170 401 2226 enim
440 2170 576 2248 osituque
595 2190 746 2230 comarum
764 2180 906 2228 matronae
923 2168 1084 2246 antiquitus
1104 2169 1239 2227 discretae
1253 2171 1290 2228 ab

220 2245 360 2324 innuptis.
409 2191 607 2308 iectullianus
630 2250 669 2308 de
691 2248 775 2326 Virg.
803 2245 935 2306 velandis
955 2267 981 2306 c.
1004 2250 1052 2306 12.
1099 2248 1243 2328 Simulque
1262 2269 1292 2308 se

221 2325 350 2386 mulieres
363 2327 580 2386 intellexeruut.
596 2374 602 2387 .
619 2374 626 2386 .
639 2337 751 2388 uertunt
764 2326 909 2405 capillum,
922 2335 949 2385 et
962 2346 1015 2384 acu
1026 2325 1172 2386 lasciviore
1186 2349 1292 2387 cornum

207 2404 273 2464 'sibi
283 2405 423 2476 inserunt,
433 2406 554 2466 crinibus
564 2391 686 2484 cftonte
697 2405 792 2466 diuisis
801 2414 930 2485 apertum
937 2407 1076 2484 professae
1086 2407 1292 2466 mulieritatem.

214 2483 345 2543 'Plautus
365 2483 466 2543 Milite
483 2490 514 2554 3,
535 2491 559 2555 l,
576 2491 640 2546 196.
688 2485 794 2564 Utique
811 2506 873 2544 earn
893 2498 1021 2543 ornatam
1042 2485 1168 2544 adducas
1186 2495 1293 2545 metro-

224 2584 325 2634 nnrurn
338 2564 429 2634 modo,
443 2563 545 2644 Cupite
557 2579 677 2644 compto,
691 2563 793 2634 crines,
806 2565 945 2643 uittasque
956 2563 1067 2622 babeat.
1106 2565 1291 2624 Mostellaria

224 2641 356 2712 1,3‚69.
393 2642 455 2702 Soli
464 2645 624 2722 gerundum
636 2665 740 2704 morem
755 2643 1062 2721 censeo,etccpinndos
1072 2645 1163 2703 crines
1170 2673 1180 2716 ‚-
1194 2643 1223 2700 id
1236 2656 1291 2715 est,
1365 2658 1370 2666 ’

222 2721 403 2782 nubendum.
443 2722 564 2782 Festusz
588 2724 668 2783 Senis
688 2722 812 2782 crinibus
829 2723 960 2781 nubentes
979 2735 1126 2792 ornantur,
1142 2724 1226 2802 quod,
1241 2737 1292 2782 etc.

223 2799 307 2860 Senis
326 2800 465 2872 crinibus,
480 2801 511 2859 id
530 2813 583 2870 est,
598 2821 653 2860 sex
672 2801 797 2860 oriolum
810 2803 941 2872 orbibus,
954 2800 1015 2858 siue
1029 2801 1123 2859 sertis.
1165 2802 1292 2880 Implexi

221 2878 313 2956 igitur
324 2880 423 2958 capilli
437 2880 625 2951 matronales,
636 2892 669 2939 ut
682 2880 852 2972 exemplum
866 2892 968 2959 petere
981 2879 1053 2937 licet
1063 2900 1081 2938 a
1090 2881 1195 2938 statuis
1208 2901 1293 2938 num-

221 2957 346 3034 misque,
359 2959 506 3036 virginum
520 2979 737 3040 puerorumque
752 2959 819 3018 cirri
834 2958 1014 3018 et'cincinni.
1054 2959 1292 3029 Ammianusull,

223 3040 251 3096 6.
291 3037 332 3096 Et
354 3037 433 3108 licet,
454 3060 627 3118 quocumque
650 3038 744 3098 oculos
754 3037 889 3116 flexeris,
901 3037 1034 3118 fimincs
1054 3039 1165 3113 offatim
1188 3035 1291 3095 multos

222 3125 354 3196 spectare
374 3117 497 3176 cirratas
506 3147 516 3190 ,·
539 3119 637 3196 quibus
655 3118 680 3177 si
700 3118 869 3196 nupsissent,
881 3137 937 3194 per
957 3125 1068 3182 celetem
1081 3116 1196 3194 terjom
1209 3119 1293 3186 ninus

217 3203 334 3274 poterat
348 3205 496 3272 suppetere
510 3195 669 3259 liberorum.
697 3197 836 3265 cirratas,
849 3194 934 3272 capio
945 3195 1098 3272 innuptas:
1120 3195 1163 3253 uti
1173 3195 1293 3255 Persius

223 3277 252 3342 l,
268 3277 317 3334 29.
338 3273 445 3332 eodem
460 3274 592 3352 epitheto
606 3277 644 3335 de
658 3277 769 3354 pueris,
792 3274 863 3334 Ten’
879 3275 1048 3334 cirratorum
1062 3287 1170 3334 centnm
1183 3276 1293 3335 dictate

207 3354 309 3432 finisse
323 3352 486 3434 pronihilo
498 3355 637 3435 perulas.9
656 3353 768 3414 Valerii
781 3373 853 3432 ergo
867 3373 959 3422 mens,
973 3363 1081 3432 praeter
1095 3353 1219 3413 crinium
1233 3356 1294 3414 dis·
1366 3422 1368 3429 J

223 3431 345 3502 cumen,
356 3432 505 3510 adjectam
518 3434 574 3493 illis
588 3446 619 3493 et
632 3435 754 3494 alteram
768 3433 880 3493 vittam.
920 3433 969 3492 De
982 3452 1041 3512 qua
1051 3432 1202 3515 Capellam
1215 3434 1294 3492 acci-

223 3510 273 3590 pio
285 3510 322 3568 de
332 3509 417 3590 nupt.
429 3511 535 3572 Philol.
550 3521 574 3574 I.
585 3534 614 3591 p.
624 3519 652 3573 9.
664 3512 712 3573 ed.
725 3511 832 3570 Grotii.
858 3513 939 3573 June
950 3533 1059 3591 quoque
1072 3534 1109 3570 en
1118 3513 1294 3592 purgatioris
1395 3507 1396 3513 ἵ

223 3590 291 3650 auri
303 3587 466 3670 splendente
479 3609 551 3650 senc
565 3592 717 3652 addiderat
729 3591 852 3651 crinibus
863 3591 969 3651 sociale
982 3593 1131 3650 uinculum.
1160 3594 1293 3669 Propert.

222 3673 253 3738 4,
272 3673 319 3737 11,
334 3674 383 3730 34.
419 3670 515 3730 Vincit
528 3683 557 3730 et
570 3680 695 3748 acceptos
708 3670 801 3729 ultera
813 3672 885 3731 nicto
899 3692 1001 3731 comos.
1045 3671 1106 3730 Ubi
1120 3670 1179 3749 legi
1193 3671 1223 3726 in
1236 3681 1296 3730 vet.

223 3746 291 3808 cod.
303 3768 451 3830 aspersum
472 3761 502 3808 et
516 3751 631 3827 placem
652 3750 809 3829 referoque
822 3751 860 3809 ad
874 3750 1072 3829 aspersionem
1086 3769 1170 3828 aquae
1182 3749 1292 3826 nuptiis

223 3826 385 3888 solennem.
425 3831 473 3888 De
487 3849 546 3908 qua
555 3829 634 3888 idem
644 3834 675 3898 4,
687 3835 716 3900 3,
730 3834 776 3890 15.
817 3830 973 3910 EtStygio
983 3851 1043 3889 sum
1053 3850 1151 3908 sporsc
1162 3831 1235 3900 lacn,
1246 3849 1296 3889 nec

224 3915 301 3966 recta
316 3905 427 3987 cupillis
447 3908 523 3969 Vitta
537 3909 606 3970 dato
620 3924 671 3971 cst.
713 3909 773 3969 Sed
787 3909 877 3970 redeo
893 3908 931 3970 ad
943 3921 1086 3968 nostrum.
