3034 4967
213 220 271 277 202
418 214 479 277 JO.
500 216 597 276 AUG.
618 218 796 278 ERNESTI
820 220 1039 283 EXCURSUS
1061 222 1083 279 1.

212 374 252 432 ad
263 372 406 433 Ubiorum
421 378 510 431 Aram
528 374 617 444 missi,
636 374 707 433 dum
728 374 873 434 vexillarii
896 376 953 436 alio
971 378 1039 437 loco
1057 379 1283 439 tumultuantur.

212 452 315 529 Atque
334 452 422 509 etiam
444 453 484 511 H.
498 456 528 518 2,
550 456 594 512 18.
614 452 758 511 vexillarii
775 466 964 532 opponuntur
981 456 1143 515 veteranis:
1167 469 1281 517 tantum

211 531 307 601 abest,
320 541 354 587 ut
366 530 421 607 ipsi
434 528 565 588 veterani
584 529 652 589 sint.
695 533 805 589 Certum
825 542 887 590 erat
908 532 1079 612 Spurinnae.
1094 577 1122 596 ..
1139 544 1213 595 .'nee
1225 546 1282 600 tres

210 608 512 676 cohorterProetorrho
520 606 880 678 etmiilevmllnrioacum
886 611 984 689 pauca
992 611 1140 691 equitibus,
1149 628 1280 673 veterano

185 733 190 739 .
210 686 349 745 erercitui
360 684 492 764 objicere.

250 764 350 823 Altera
367 767 524 833 sententia,
548 782 612 840 quse
634 764 707 824 dece
744 776 790 825 tos
813 784 832 823 a
849 784 902 825 sua
925 767 1042 844 legione
1064 768 1172 827 milites
1194 769 1278 839 facit,

211 841 349 901 convenit
357 842 407 912 illa
417 841 535 919 quidem
543 783 810 918 quibusdam'locis,
820 843 911 902 veluti
923 845 960 903 A.
975 850 1000 915 l,
1013 850 1060 907 38.
1075 847 1125 904 ubi
1135 846 1277 906 vexillarii

211 931 372 978 occurrunt
392 920 422 975 in
444 919 581 977 Chaucos
602 918 681 980 missi
697 921 737 981 ad
756 921 890 998 praesidia
907 923 1038 1000 agenda:
1058 924 1112 981 sed
1131 944 1189 983 non
1205 924 1277 984 aliis.

209 997 259 1057 Ac
273 998 366 1075 primo
380 1016 439 1054 non
454 1008 499 1055 est
509 997 671 1074 probabile,
685 998 824 1073 militibus
839 1000 875 1057 ad
888 1012 1002 1059 certum
1012 1001 1165 1079 negotium
1178 1002 1276 1079 aliquo

209 1077 303 1133 missis
317 1075 467 1153 peculiare
481 1093 588 1132 nomen
602 1076 776 1135 attributum
789 1096 853 1135 esse
862 1078 917 1135 illis
926 1080 1116 1156 temporibus,
1128 1100 1196 1139 cnm
1207 1080 1276 1137 olim
1289 1114 1296 1123 -

210 1155 285 1212 tales
297 1154 448 1231 legionum
461 1164 561 1230 partes
574 1172 592 1214 a
605 1173 727 1214 numero
741 1154 919 1226 dicerentur,
934 1156 1026 1217 veluti
1040 1158 1135 1227 unius,
1151 1158 1276 1216 duorum

207 1232 358 1308 signorum
378 1232 494 1300 milites,
520 1231 581 1289 duo
599 1232 749 1309 manipuli,
772 1232 840 1295 dne
857 1234 1005 1303 cohortes,
1028 1246 1086 1294 etc.
1107 1236 1159 1293 sed
1178 1234 1276 1313 potius

184 1310 340 1386 ,planum
367 1322 482 1366 certum
506 1328 600 1385 genus
623 1310 747 1369 militnm
772 1311 933 1387 gradumve
956 1312 1069 1372 militiae
1096 1312 1196 1382 fuisse,
1225 1312 1274 1369 cni

208 1387 359 1465 peculiare
371 1405 480 1444 nornen
492 1398 652 1464 repertum,
669 1408 729 1469 quo
741 1390 779 1447 ab
794 1389 856 1447 aliis
869 1390 1113 1449 discernerentur.
1156 1389 1274 1448 Deinde

208 1483 315 1523 nornen
329 1483 347 1522 a
360 1463 477 1541 legione
491 1474 574 1523 certa
586 1464 710 1523 inditum
725 1477 756 1524 et
770 1467 850 1543 quod
863 1467 997 1526 omnibus
1008 1467 1173 1545 legionibus
1181 1466 1275 1525 vexil-

207 1541 272 1601 larii
285 1542 462 1610 tribuuntur,
477 1540 508 1599 id
520 1542 629 1601 indicio
644 1554 698 1614 est,
713 1544 804 1603 fuisse
818 1556 933 1603 certum
947 1556 977 1604 et
990 1544 1165 1623 perpetuum
1179 1545 1273 1622 quod-

206 1621 276 1679 dam
289 1638 397 1711 corpus
409 1620 544 1690 militum,
559 1632 648 1679 certae
662 1622 772 1700 legioni
786 1624 945 1702 proprium,
960 1623 1041 1701 quod
1053 1622 1273 1687 vexillariorum

205 1697 284 1833 pilius
296 1698 420 1817 legionis
433 1698 552 1760 nomine
563 1700 686 1759 veniret.
715 1701 805 1765 Quod
818 1702 848 1761 in
860 1700 1051 1780 sequentibus
1061 1700 1176 1777 planius
1184 1699 1273 1761 intel·

219 1796 228 1833 r
280 1796 317 1836 ur
341 1822 351 1837 .

211 1904 213 1909 .
229 1788 360 1916 ggtonm
374 1854 506 1913 summit
520 1857 697 1915 senteutiam
708 1859 770 1935 jam
785 1857 967 1935 disputatum
979 1868 1024 1917 est
1041 1855 1205 1918 sFerrsrio
1214 1854 1234 1911 l.
1244 1874 1271 1916 c.

209 1933 448 1995 venenatiore.
466 1952 534 2011 quas
551 1934 601 1994 hie
617 1946 753 2012 repetere
773 1935 846 1993 nihil
868 1935 983 1995 attinet.
1023 1939 1122 1997 Unum
1140 1932 1271 2011 posuisse

205 2012 341 2072 sufficiat.
366 2011 524 2072 Salmasius
533 2011 597 2089 ipse
608 2012 729 2085 fatetur,
740 2026 844 2091 astque
852 2024 954 2075 notum
965 2014 1045 2083 satis,
1055 2013 1176 2073 velitum
1186 2028 1271 2073 usum

204 2102 319 2150 tanturn
330 2089 422 2150 fuisse
436 2091 465 2147 in
479 2089 556 2159 acie,
574 2091 738 2168 etquidem
757 2092 796 2149 ad
814 2090 984 2149 irritandam
999 2110 1139 2169 pugnem.
1178 2088 1269 2167 Atqui

204 2170 286 2229 Anu.
300 2169 329 2238 l,
349 2171 397 2227 38.
418 2167 497 2225 missi
515 2180 584 2226 sunt
599 2168 639 2227 ad
653 2170 788 2247 praesidia
801 2169 832 2225 in
846 2168 975 2227 Chaucis
994 2170 1120 2246 agenda,
1135 2165 1284 2230 avitinis

203 2248 332 2306 hostium
350 2246 473 2303 infestis.
513 2246 586 2310 Quis
607 2247 649 2304 ibi
672 2248 792 2305 velitum
815 2264 894 2315 usus,
914 2246 964 2305 ubi
992 2259 1089 2307 castra
1110 2243 1157 2307 vel
1181 2244 1268 2307 urbes

203 2325 322 2384 tuende
335 2326 439 2382 armti
479 2324 582 2401 Atque
597 2324 687 2383 etiam
700 2324 859 2383 multitudo
872 2324 1092 2387 vexillariorum
1110 2332 1269 2401 repugnat

203 2405 245 2464 H.
266 2407 296 2473 2,
315 2406 364 2463 8³.
388 2412 434 2463 est
454 2412 537 2461 seete
556 2401 636 2481 legio
655 2424 719 2463 cum
742 2403 877 2462 tredecim
900 2401 1024 2465 millibus
1046 2402 1269 2473 truillariorunr.

205 2481 274 2541 Una
286 2481 405 2558 legione
416 2493 578 2558 pugnante,
592 2501 654 2559 quo
666 2492 713 2543 tot
728 2481 856 2541 velites?
895 2484 933 2541 In
953 2500 1059 2558 magno
1080 2480 1269 2559 plurimarum

202 2560 353 2637 legionum
372 2559 508 2618 exercitu
526 2578 587 2618 non
605 2571 651 2618 tot
667 2559 771 2619 velites
783 2558 874 2618 fnisse
891 2558 1076 2621 crediderim,
1116 2558 1152 2617 In
1164 2558 1269 2619 eodem

201 2639 278 2697 libro
288 2658 316 2697 c.
330 2642 379 2696 24.
390 2636 534 2694 vexillarii
543 2638 668 2714 legionis
683 2639 769 2707 Xlll,
784 2656 853 2695 eum
864 2637 1035 2697 cohortibus
1048 2635 1268 2697 auxiliariorum

171 2757 173 2762 -
202 2728 234 2775 et
248 2715 395 2795 equitibus
408 2714 438 2772 in
457 2715 549 2778 latere
565 2716 642 2774 aciei
656 2718 840 2780 collocantur
859 2715 897 2775 ad
918 2714 1078 2791 tegendum
1092 2714 1178 2775 latus.
1218 2712 1270 2774 Au

202 2796 227 2853 is
241 2792 460 2855 incurvantem
473 2793 606 2853 inscie?
645 2794 736 2853 Nullo
749 2793 848 2851 modo.
888 2792 1013 2853 Jamhls
1026 2811 1063 2853 an
1077 2792 1270 2853 melioresint'

201 2884 310 2942 namra,
324 2872 419 2930 lector
430 2870 599 2949 intelligens
608 2871 734 2948 Judicat.
815 2930 818 2940 ,
1092 2882 1094 2887 “

168 2999 171 3004 .
241 2951 320 3010 Dico
341 2949 477 3027 primum,
498 2950 663 3009 neeillarior
672 2951 772 3029 febre
790 2950 934 3027 peculiare
951 2967 1040 3027 gente
1061 2946 1188 3015 rnilitum,
1206 2944 1269 3034 sive

197 3030 371 3110 poderem
379 3027 491 3087 viidie
497 3028 634 3106 modun,
644 3029 695 3106 qui
703 3040 787 3087 certo
796 3046 920 3087 numero
930 3036 1030 3087 essent
1042 3024 1148 3103 cuique
1157 3022 1267 3099 legroni

201 3107 344 3177 attributi,
357 3107 486 3165 sednon
499 3106 671 3165 subiisdem
687 3126 758 3169 cum
778 3107 896 3183 legione
914 3124 967 3167 sua
986 3102 1075 3181 signis
1094 3101 1265 3169 militarent,

200 3205 303 3245 verum
323 3186 378 3243 sub
394 3183 521 3275 propriis
537 3183 666 3251 vexillis3
683 3195 729 3253 ut,
750 3184 964 3245 sivexillums·
984 3180 1129 3244 vexillarii
1142 3179 1267 3260 alicujus

200 3264 325 3342 legionis
339 3262 585 3332 desiderarentur,
600 3262 709 3331 statim,
727 3263 835 3340 quibus
852 3262 982 3321 eundum
1001 3270 1088 3329 esset,
1109 3266 1266 3321 conatast.

202 3344 290 3402 Clare
299 3353 383 3420 patet
395 3359 435 3398 ex
445 3342 483 3401 A.
492 3346 520 3409 4,
531 3342 580 3401 73.
595 3342 673 3418 quod
680 3340 729 3399 uhi
739 3341 777 3399 L.
793 3340 934 3418 Apronio,
948 3339 1090 3417 inferioris
1102 3334 1267 3407 Germanice

200 3421 393 3503 Proprrstori,
414 3419 563 3497 cegedune
576 3418 683 3478 maille
694 3420 841 3498 legionum
854 3440 869 3477 e
882 3418 1024 3498 septumo
1039 3415 1198 3495 provincia,
1214 3432 1266 3492 pe-

201 3499 344 3581 ditumque
353 3496 702 3576 etequitrrrneuiiiurium
712 3500 833 3561 aereum
848 3497 956 3559 occinit.
993 3494 1023 3557 si
1034 3504 1132 3557 essent
1142 3492 1266 3571 quicun-

199 3598 259 3657 que
279 3576 441 3656 legionarii,
459 3574 568 3640 delecti
592 3588 623 3634 et
644 3576 778 3654 decerpti
798 3594 815 3635 e
835 3574 1008 3651 legionibus,
1030 3592 1089 3634 nun
1112 3569 1268 3649 peculiaris

200 3657 309 3716 ordinis
322 3654 430 3717 milites
439 3652 593 3723 vexillarii,
605 3673 657 3713 our
671 3673 730 3712 non
740 3652 855 3715 diceret
867 3652 1018 3713 brevitatis
1032 3668 1131 3712 amans
1141 3648 1267 3725 scriptor

201 3736 353 3814 legionum,
363 3733 548 3811 peditumque
559 3743 585 3791 et
597 3731 720 3812 eqrsitum
734 3731 950 3793 surdioriorum
963 3728 1104 3791 delectori
1137 3724 1266 3791 Accedit

199 3813 369 3873 nominandi
382 3810 457 3870 ratio
470 3810 775 3889 steliasupradicta.
1205 3864 1207 3868 ,

239 3892 378 3953 ὃωυηᾱο
403 3887 544 3949 willerii
556 3893 649 3971 fraere
675 3888 779 3950 militm
800 3888 960 3981 legionarii.
1001 3887 1047 3945 Ex
1072 3883 1177 3947 eodem
1198 3882 1266 3972 loco

200 3972 297 4032 Taciti
322 3968 448 4047 intelligi
472 3978 580 4047 potest.
628 3968 752 4027 Tacitus
778 3966 859 4038 diost,
882 3966 1053 4044 Apronium,
1081 3960 1185 4023 accitis
1203 3960 1266 4050 illis

200 4048 355 4108 vexillariis
370 4059 400 4106 et
414 4046 610 4117 auxiliarrbus,
626 4046 759 4125 proxima
772 4045 907 4107 aestuaria
919 4043 1076 4122 aggeribus
1085 4052 1115 4100 et
1128 4040 1266 4117 pout1bus

85 4131 90 4137 '
200 4130 340 4196 firmasse,
355 4127 532 4191 traducendo
541 4125 668 4207 graviori
679 4125 798 4205 agmini.
837 4124 936 4185 Grave
946 4141 1052 4201 agmen
1062 4117 1161 4179 vocari
1175 4117 1267 4209 leglo3

200 4226 262 4280 nos,
277 4223 365 4263 nemo
374 4204 490 4284 ignoret
499 4204 686 4289 autdubitat.
726 4205 819 4284 Atqui
829 4204 918 4262 etiam
929 4198 1069 4261 vexillarii
1080 4198 1130 4258 illo
1141 4212 1267 4273 graviori

261 4386 273 4414 ·
287 4384 365 4433 ναι»
376 4382 467 4445 trygon
477 4399 491 4431 a
501 4384 593 4434 suaso
604 4382 702 4432 uuum
712 4358 879 4445 postremas
889 4380 967 4444 ipsum
978 4376 1077 4428 murae
1088 4374 1201 4426 vitentur.
