3034 4967
241 218 280 275 ae
488 214 592 275 Junu
613 176 749 273 analo.
772 215 879 277 vnn.
899 216 988 274 cnr.
1007 222 1057 277 aa

242 373 361 443 artibus
375 374 508 457 audire,
523 374 576 439 ei'
663 374 669 387 '
707 375 928 441 Britannorum
943 377 1054 441 studiis
1068 378 1232 443 Gallorum
1250 404 1304 459 an-

242 460 364 557 teferre,
388 476 436 537 ut,
462 458 517 544 qui
533 481 590 556 'mo
613 483 633 523 o
654 458 795 611 liupuam
820 462 995 527 Romanam
1024 462 1212 542 abnuebant,
1242 466 1304 531 elo.

241 558 402 695 puentram
411 559 669 633 concupiscerent.

723 546 784 611 nde
795 546 887 610 etiain
898 546 1024 612 habitus
1037 549 1134 613 nostri
1147 549 1257 628 honor,
1272 564 1303 616 et

255 652 387 717 requens
406 641 497 716 toga:
520 628 746 717 paullatimque
767 631 935 697 discessum
949 633 993 696 ad
1004 631 1202 699 delinimenta
1215 635 1304 699 vitio-
1352 704 1355 709 ,

241 714 628 811 rum,porticuaetbalnea,
638 731 670 779 et
679 717 892 781 conviviorum
900 716 1097 803 elegantiam:
1113 718 1209 805 idque
1217 718 1303 807 apud

243 802 392 887 inperltos
408 808 429 839 “
442 800 635 867 humanitas''
651 802 830 880 vocabatur,
845 825 917 865 cum
931 825 1003 889 pars
1017 804 1172 870 servitutis
1187 818 1275 869 esset.

572 940 615 1005 A.
631 942 673 1003 U.
697 942 771 1004 835.
794 940 835 1003 A.
852 942 889 1004 C.
912 944 962 1004 82.

284 1050 410 1113 XXII.
434 1049 564 1115 Tertius
578 1049 812 1137 expeditionum
822 1073 922 1114 annus
938 1074 1034 1115 novas
1046 1066 1154 1139 gentes
1168 1054 1301 1140 aperuit,

243 1134 368 1199 vastatis
389 1158 489 1233 usque
511 1134 551 1199 ad
574 1138 681 1199 Taum
706 1134 865 1217 (aestuario
887 1158 999 1200 nomen
1021 1143 1082 1221 est)
1106 1138 1300 1203 nationibus:

240 1243 305 1307 qua
325 1219 490 1283 formidine
513 1219 612 1283 territi
633 1220 746 1298 hostes,
769 1244 960 1306 quamquam
982 1222 1192 1287 conflictatum
1214 1224 1304 1288 saevis

240 1304 477 1393 tempestatibus
492 1305 671 1381 exercitum,
694 1304 840 1369 lacessere
854 1328 917 1369 non
931 1308 1018 1371 ausi:
1034 1308 1247 1394 ponendisque
1256 1309 1303 1371 in-

240 1412 334 1475 super
355 1388 486 1452 castellis
508 1390 642 1474 spatium
665 1390 735 1453 fuit.
779 1391 986 1455 Adnotabant
1004 1393 1107 1478 periti,
1131 1416 1193 1457 non
1207 1393 1300 1456 aliurn

241 1476 363 1539 Ducem
390 1498 409 1535 o
433 1474 638 1560 portunitates
663 1475 801 1539 locorum
828 1476 997 1562 sapientius
1022 1477 1151 1563 legisse:
1181 1477 1303 1542 nullum

196 1614 207 1635 ,
239 1560 281 1623 ab
296 1496 445 1644 Agrianis
466 1559 603 1645 positum
622 1559 783 1624 castellum
801 1575 857 1625 aut
871 1562 902 1624 vi
920 1562 1058 1626 hostium
1072 1579 1302 1648 expugnatum,

239 1654 296 1708 aut
310 1643 453 1731 pactione
474 1657 530 1707 aut
550 1646 629 1742 fuga
649 1646 814 1709 desertum.
862 1648 989 1711 Crebrae
1007 1648 1204 1733 eruptiones:
1229 1669 1302 1711 nam

239 1729 389 1793 adversus
411 1752 513 1794 moras
534 1730 702 1794 obsidionis
721 1732 833 1793 annuis
847 1732 943 1818 copiis
957 1732 1179 1796 firmabantur:
1202 1732 1246 1795 ita
1258 1731 1304 1794 in-

154 1818 156 1823 ’
238 1813 361 1901 trepida
374 1814 419 1877 ibi
438 1815 547 1891 hiems,
570 1830 601 1881 et
620 1816 678 1881 sihi
699 1816 832 1913 quisque
853 1816 1008 1901 praesidio,
1030 1817 1131 1879 inritis
1152 1817 1303 1893 hostibus,

239 1922 339 1987 eoque
353 1899 600 1986 desperantibus,
621 1900 696 1987 quia
710 1900 791 1964 soliti
806 1901 990 1987 plerumque
1004 1899 1118 1963 damna
1131 1900 1245 1963 astatis
1259 1900 1313 1971 hi.

238 1984 341 2049 bernis
352 1986 514 2049 eventibus
531 2007 671 2069 pensare,
684 1998 751 2047 tum
768 1999 874 2048 aestate
888 2000 983 2071 atque
996 1984 1097 2048 hieme
1107 1986 1202 2071 juxta
1211 1984 1308 2082 pelle-

237 2070 362 2135 bantur.
408 2073 476 2134 Nec
491 2068 641 2154 Agricola
655 2091 807 2153 umquam
822 2093 878 2156 per
896 2068 972 2133 alios
985 2084 1073 2155 gesta
1086 2070 1197 2133 avidus
1210 2085 1304 2133 mter·

238 2178 272 2220 ce
295 2157 340 2220 it:
358 2178 411 2218 seu
429 2153 589 2230 Centuri0,
609 2176 662 2217 seu
679 2153 862 2231 Praefectus,
878 2155 1092 2240 incorruptum
1107 2154 1181 2217 facti
1195 2168 1303 2217 testem

237 2180 383 2303 hahebat.
434 2238 535 2337 Apud
560 2238 709 2324 quosdam
734 2238 872 2322 acerbior
893 2238 925 2301 in
947 2239 1091 2302 conviciis
1110 2240 1303 2317 narrabatur,

238 2339 276 2389 ut
289 2322 380 2389 bonis
394 2345 500 2400 comis,
522 2324 567 2385 ita
589 2322 737 2387 adversus
758 2323 856 2389 malos
877 2322 1085 2410 injucundus:
1109 2339 1244 2387 ceterum
1265 2347 1304 2387 ex

238 2408 399 2474 iracundia
421 2409 497 2471 nihil
524 2420 701 2495 supererat:
734 2423 886 2472 secretum
910 2424 941 2472 et
967 2409 1123 2471 silentium
1147 2410 1217 2497 ejus
1241 2430 1304 2472 non

240 2494 383 2561 timeres:
407 2494 568 2559 honestius
582 2493 715 2579 putabat
729 2494 895 2573 offendere,
911 2516 1007 2580 quam
1021 2493 1129 2558 odisse.
1171 2498 1174 2502 ’

270 2711 394 2771 Linguam
406 2712 437 2757 R.
450 2708 586 2767 abnuebant,
604 2709 661 2769 eloq.
671 2722 753 2753 eoncu-
787 2706 848 2769 capti
862 2706 893 2753 ad
906 2722 975 2755 omne
990 2722 1063 2769 genus
1080 2707 1187 2755 vitiorum
1204 2706 1271 2768 proni
1282 2714 1305 2753 et

234 2777 365 2839 piscarent]
380 2774 434 2821 Non
445 2781 505 2820 recte
515 2771 571 2819 olim
582 2774 701 2833 putabam,
713 2788 755 2835 pro
786 2771 865 2818 faciles
875 2772 942 2818 finnt.
976 2772 1048 2818 Enu.

238 2842 367 2887 abnuebant
384 2837 508 2901 legendum
524 2837 656 2883 abnuerent.
690 2836 715 2883 Si
731 2836 756 2881 in
818 2837 895 2895 Usqere
901 2838 932 2882 ed
939 2838 1029 2898 Teum]
1038 2835 1183 2883 AEstuarium
1191 2843 1214 2881 et
1220 2835 1305 2881 ostium

238 2902 283 2951 hon
294 2905 362 2951 verbo
372 2902 460 2965 aliquid
472 2899 606 2947 tentandum
619 2908 683 2953 essen,
702 2914 756 2947 con·
787 2899 890 2945 fluminis
901 2900 954 2953 rat,
971 2900 994 2945 in
1011 2899 1080 2946 latere
1095 2899 1200 2946 orientali
1212 2898 1306 2944 Britan-

235 2967 331 3027 jicerem
342 2970 479 3014 abnuerant.
508 2963 754 3033 Sedatilludreqmm
788 2963 839 3019 nire,
855 2963 923 3010 hodie
943 2964 1032 3020 Terede,
1050 2964 1151 3011 Sontiam
1168 2966 1199 3010 ab
1214 2962 1306 3023 Anglia

239 3039 280 3079 est·
314 3031 385 3079 Ean.
788 3042 902 3090 separans.
936 3028 1007 3074 Eun.

272 3097 449 3156 Paullatimque
457 3094 594 3155 discernam]
608 3092 709 3139 Piobena
717 3108 756 3139 su·
824 3093 917 3139 Crebra
927 3092 1070 3153 eruptiones]
1083 3090 1174 3153 Nempe
1185 3106 1227 3153 per
1237 3099 1305 3137 asta-

160 3178 162 3183 ·
239 3158 757 3223 spicaturlegendnm,paullatimquedescen-
789 3164 845 3214 tem,
866 3156 974 3202 adversus
993 3153 1123 3201 Britannos
1166 3155 1236 3213 lllox,
1254 3162 1305 3201 tum

239 3240 309 3281 mm,-
329 3224 450 3286 eleganter.
471 3224 631 3269 Delinimenta
643 3222 757 3269 vitiorum
789 3226 867 3267 oeawte
886 3226 954 3279 etque
973 3220 1046 3265 hume
1060 3222 1133 3281 juata
1151 3221 1315 3281 pilumnus

240 3287 347 3335 Graevius
357 3304 394 3351 ep.
405 3288 435 3334 ad
446 3287 528 3333 Heius.
539 3286 564 3331 in
573 3285 632 3331 Con.
645 3285 728 3331 Burin.
739 3294 756 3333 t.
789 3283 914 3345 Sequentia
925 3283 1054 3329 referuntur
1065 3283 1094 3329 ad
1106 3284 1236 3346 Superiora:
1252 3282 1306 3328 nul-

239 3357 262 3401 4.
275 3369 299 3415 p.
310 3353 366 3407 706.
377 3352 538 3415 interpretatur
547 3348 611 3408 vitia,
621 3350 706 3412 quibus
716 3349 758 3397 ho.
789 3348 840 3394 hun
851 3346 969 3393 castellum
977 3346 1082 3406 pactione
1090 3346 1221 3403 desertum3
1234 3360 1305 3409 quam

240 3417 315 3464 mines
331 3416 474 3465 deliniuntur
489 3422 512 3461 et
526 3413 654 3460 alienantur
666 3429 680 3460 a
695 3429 758 3461 seve·
791 3409 1090 3471 exprimeresoletfamesin
1099 3412 1223 3459 obsidione.
1237 3411 1306 3457 Nem

239 3480 298 3528 riore
306 3477 758 3540 vita.Delinirnentaessephiltraslnu-
791 3472 1006 3521 transitioniservit.
1037 3474 1110 3521 Ean.

239 3544 300 3593 dans
308 3544 364 3591 lucin
373 3544 434 3591 bivii
443 3545 483 3601 30,
496 3544 532 3589 13.
547 3545 587 3600 39,
602 3544 638 3589 11.
650 3542 705 3588 item
717 3555 759 3587 no·
820 3538 914 3584 Avidus
921 3538 1055 3601 intercepit]
1065 3538 1234 3601 Herurrnnirepes
1241 3537 1307 3585 addi·

239 3610 269 3657 tis
280 3608 374 3656 Afranii
383 3608 513 3657 versiculis:
526 3610 547 3653 si
554 3614 648 3669 possent
656 3607 759 3651 homines
791 3610 842 3649 tum
853 3609 887 3649 est
897 3603 990 3659 avidus,
1001 3602 1017 3647 i.
1028 3618 1047 3648 e.
1059 3616 1100 3665 per
1110 3601 1242 3649 aviditatem
1255 3602 1307 3648 lau·

239 3675 398 3723 delinimentis
414 3676 474 3735 capi,
491 3687 568 3719 omnes
578 3672 686 3717 nearent
697 3682 759 3714 nenne
791 3664 829 3718 dis
843 3674 867 3713 et
887 3666 1067 3729 gloria-Mox
1082 3665 1134 3712 edd.
1149 3674 1201 3713 vett.
1218 3672 1307 3712 uteret

239 3746 355 3791 amatores
371 3754 437 3785 nnus.
472 3738 520 3784 Pro
533 3734 625 3799 philtris
635 3735 685 3780 loco
697 3731 760 3777 Livii
792 3730 856 3775 bonis
869 3744 888 3776 e.
906 3730 970 3793 quod
985 3730 1083 3777 restituit
1100 3728 1234 3789 Broterius3
1260 3742 1307 3775 non

239 3804 359 3865 pensiori
367 3802 502 3865 capiebatet
514 3799 617 3849 Broulrh.
629 3797 659 3845 ad
670 3796 760 3842 Tibull.
791 3796 856 3847 bene,
874 3803 901 3840 ut
919 3794 1016 3857 opinor:
1034 3809 1076 3841 nec
1095 3793 1157 3841 enim
1176 3803 1259 3857 aptum
1275 3800 1309 3840 est

242 3866 266 3925 l,
279 3869 302 3925 6,
316 3871 353 3925 1.,
364 3868 410 3915 Sed
422 3869 480 3914 bene
490 3864 574 3913 refellit
584 3864 644 3909 hanc
653 3859 713 3907 vocis
724 3860 759 3905 in·
792 3858 870 3905 Taciti
880 3858 905 3904 in
915 3858 999 3905 talibus
1010 3856 1170 3905 consuetudini
1180 3858 1239 3905 illud
1250 3862 1309 3903 erat.

240 3932 426 3994 terpretationem
438 3923 759 3978 Dukerusadlsiv.l.c.ubi
791 3921 865 3969 Ean.
1166 3958 1168 3962 .

241 3996 331 4057 copiose
342 3996 370 4043 de
381 3996 425 4043 hoc
436 3998 513 4045 verbo.
546 3991 707 4038 Delinimenta
717 3990 762 4035 ‚vi-
824 3988 946 4033 Adversus
965 3988 1038 4033 melos
1054 3987 1208 4049 injucundus]
1226 3985 1309 4032 Posuit

240 4061 329 4108 tiorum
340 4070 395 4108 sunt
406 4077 450 4117 res,
459 4060 544 4123 quibus
556 4053 628 4101 animi
637 4051 759 4099 hominum
790 4066 833 4113 pro
848 4051 980 4107 iracundus,
998 4066 1071 4114 asper,
1090 4049 1208 4096 molliendi
1220 4064 1307 4106 caussa,

240 4125 325 4173 blande
352 4126 474 4189 paullatim
497 4120 628 4185 capiuntur,
654 4127 681 4163 ut
705 4116 761 4166 vitia
792 4124 819 4163 ut
829 4114 1006 4165 Cleanadritt.
1022 4116 1043 4172 l,
1056 4117 1094 4161 20.
1112 4111 1233 4173 conjunxit
1244 4126 1311 4173 aare.

241 4203 287 4237 non
303 4191 404 4253 amphus
421 4187 567 4243 abhorreant,
585 4180 624 4245 sed
635 4196 677 4243 pro
687 4179 762 4227 felici-
792 4182 843 4225 rins
853 4186 922 4240 atque
932 4180 1090 4241 injucundius.
1124 4176 1195 4224 Ean.

239 4261 288 4303 tate
313 4255 488 4317 amplectantur.
526 4247 639 4303 Porticus,
662 4243 759 4303 balnea,
826 4244 919 4299 Quarta
927 4251 994 4291 astes
1002 4242 1139 4299 obtinendis,
1151 4255 1202 4301 qua
1208 4253 1310 4301 percur-

240 4319 345 4367 convivia
352 4316 425 4374 lauta,
432 4323 487 4362 sunt
495 4314 536 4360 ille
544 4309 700 4366 delinimenta,
710 4307 762 4370 qui·
792 4314 865 4365 reret,
873 4310 1004 4372 insumpta]
1013 4306 1141 4361 Berclains,
1148 4304 1310 4359 Banoeoerus,

233 4376 285 4435 'bus
307 4380 374 4430 facile
395 4378 501 4427 homines
525 4373 663 4429 adsuefiunt,
689 4371 764 4435 iisque
790 4367 1310 4433 exBoxhomiushabenthiceliquidboniet
