3034 4967
231 235 286 295 176
552 234 581 291 J.
603 235 729 293 LIPSIl
753 235 973 296 EXCURSUS

746 442 781 499 B.

658 579 750 638 CAP.
775 578 873 637 XXII.

268 737 318 793 Ea
332 748 401 793 vota
416 736 446 791 in
460 735 567 793 tabulis
578 737 694 814 concipi
703 736 791 797 solita
802 747 832 794 et
842 735 960 813 signari.
993 737 1151 797 Suetonius
1161 742 1240 817 Aug.
1253 745 1299 803 97.

226 814 306 873 Nam
319 834 357 884 se,
372 836 542 892 quamquam
555 815 720 897 conscriptis
728 816 897 894 paratisque
901 815 968 891 jam
981 815 1094 886 tabuiis,
1111 821 1225 899 negauit
1237 842 1298 879 sus·

226 908 368 974 capturum
382 902 457 965 uota,
471 916 535 972 quce
547 896 605 955 nan
619 904 689 954 esset
701 893 856 953 soluturus.
893 894 1002 954 Plinius
1016 897 1055 955 ad
1070 896 1227 975 Trajanum
1244 899 1298 976 Ep.

230 977 276 1043 10,
291 977 339 1032 44.
371 974 507 1032 Salennia
518 983 582 1033 vata
593 995 649 1052 pro
664 972 858 1032 incolumitate
871 984 931 1043 tua,
943 994 999 1053 qua
1015 978 1094 1035 salus
1102 976 1219 1054 publica
1233 998 1298 1037 eon-

227 1053 344 1122 sinetur,
363 1062 390 1111 et
405 1054 576 1133 suscepimus
593 1063 620 1112 et
637 1052 789 1113 soluimus:
806 1053 920 1133 precati
932 1055 1024 1123 Deos,
1038 1065 1069 1113 ut
1083 1055 1170 1115 uelint
1181 1078 1214 1115 ea
1228 1077 1298 1114 sem-

219 1134 357 1210 persalai
368 1152 531 1212 semperque
543 1132 663 1213 signari.
692 1132 846 1207 Concepta
860 1151 917 1189 non
930 1132 1072 1191 Kalendis
1086 1134 1165 1213 ipsis,
1189 1136 1242 1193 sed
1253 1138 1298 1195 lII

227 1211 339 1269 Nonas.
373 1211 548 1270 Plutarchus
562 1213 591 1268 in
603 1212 748 1270 Cicerone
764 1229 790 1267 c.
801 1214 830 1268 2.
844 1231 872 1288 p.
887 1213 955 1269 44l.
989 1212 1132 1305 Tepdirar
1144 1213 1298 1295 Κικέρωνα,

224 1288 366 1369 λέγουσιν,
387 1288 477 1370 ἡμέρᾳ
495 1284 570 1372 rplrp
590 1290 644 1349 raia
665 1287 731 1348 νέων
751 1288 911 1361 καλανδῶν,
930 1294 960 1349 ἐν
976 1289 994 1369 ᾗ
1009 1314 1053 1351 νυν
1069 1293 1092 1351 oi
1104 1288 1239 1372 ἄρχοντες
1256 1290 1300 1352 sd·

225 1388 326 1448 χονσαυ
340 1367 389 1428 καὶ
399 1368 511 1429 θυόυσυν
527 1368 590 1451 ὑπὲρ
601 1368 652 1429 τοῦ
663 1366 807 1447 ἡγεμόνος.
850 1368 1035 1446 Capitolinus
1053 1370 1084 1427 in
1100 1371 1256 1430 Pertinace
1270 1376 1298 1432 6.

229 1448 258 1506 Τ
256 1448 326 1507 ertio
345 1449 495 1507 Nonarum
515 1448 572 1518 die,
592 1447 663 1508 uotis
682 1447 756 1527 ipsis.
797 1448 948 1525 Eunapius
963 1450 992 1506 in
1007 1450 1065 1508 vita
1078 1449 1203 1508 Maximi
1219 1451 1300 1510 circa

223 1525 331 1584 finem:
353 1526 370 1603 ἦ
382 1522 456 1608 rpqu
471 1525 500 1585 δὲ
512 1525 603 1611 ἡμέρα
614 1531 670 1586 τῶν
683 1526 842 1597 καλανδῶν,
856 1523 894 1598 ris
907 1524 997 1595 nimie
1011 1526 1180 1609 Ἰανουαρίας
1194 1526 1298 1611 ἡμέρας

222 1603 351 1685 Ῥωμαῖοι
364 1606 609 1687 προσονομάζουσι,
621 1605 669 1665 καὶ
677 1604 915 1696 προσκυνήσαντες
925 1603 1028 1675 πάντες
1040 1604 1130 1665 αὐτῶν
1140 1604 1298 1687 ὑπέσχοντο

137 1698 140 1702 ’
222 1682 339 1761 riveria
366 1684 420 1746 inu·
460 1685 549 1743 Adde
562 1686 642 1745 hunc
656 1684 721 1745 Cari
738 1684 802 1743 Jcti
816 1684 915 1743 locum
929 1684 967 1743 de
985 1686 1099 1744 verbor.
1117 1685 1216 1762 signif.
1231 1696 1299 1765 post

225 1708 373 1824 Kalenadis
384 1765 543 1825 lanuarias
553 1766 600 1824 die
614 1763 696 1824 tertia
706 1786 763 1841 pro
773 1762 864 1823 salute
875 1764 1017 1845 Principis
1027 1773 1090 1823 uota
1100 1764 1298 1843 suscipiuntur.

222 1842 362 1923 Denique
381 1843 462 1902 hunc
482 1843 587 1903 Dionis
608 1844 720 1903 clarum
741 1847 792 1911 59,
805 1846 854 1902 24.
894 1844 951 1902 Kal
964 1840 1038 1927 τρίτῃ
1053 1842 1081 1902 δὲ
1093 1840 1186 1923 ἡμέρᾳ
1198 1844 1232 1923 τῇ
1243 1841 1297 1913 τοὶς

221 1919 314 2004 εὗχοὶς
326 1921 435 2004 ἐχούσῃ
450 1922 588 2001 συνῆλθον
602 1925 664 2003 μὲν,
680 1933 738 1981 etc.
771 1922 1044 1993 stercoranda,
1059 1943 1114 2003 qua
1133 1924 1201 1981 Vota
1205 1926 1303 2004 fiunt,¹

222 2012 412 2062 convenerunt
425 2004 546 2082 quiderm,
562 2014 621 2062 etc.
642 2002 739 2061 Firma
756 2000 823 2061 haec
837 2000 1029 2060 videbantur:
1052 2013 1150 2061 tamen
1165 2003 1298 2061 concutit

222 2101 277 2140 nos
298 2081 431 2139 nonnihil
452 2081 574 2141 Tacitus
592 2083 701 2141 Annal.
723 2086 752 2150 4,
770 2082 819 2143 70.
862 2080 961 2139 Caesar
981 2082 1120 2140 sollennia
1139 2080 1301 2162 incipientis

223 2161 294 2221 anni
307 2161 453 2220 Kalendas
467 2164 624 2222 lanuarias
637 2159 755 2242 epistola
763 2168 906 2240 precatus.
942 2158 981 2217 Et
992 2160 1108 2218 subdit:
1126 2162 1213 2239 Quem
1224 2160 1297 2219 enim

222 2238 296 2300 diem
315 2260 432 2299 uacuum
446 2261 542 2317 pana,
564 2240 610 2299 udi
629 2242 702 2299 inter'
719 2260 804 2298 sacra
821 2252 849 2297 et
866 2240 1069 2300 uota....vincla
1084 2247 1111 2296 et
1124 2237 1241 2318 laqueus
1256 2241 1297 2299 in·

222 2317 387 2378 ducantur?
408 2318 449 2377 Et
462 2318 598 2377 Tibullus
609 2321 647 2378 ad
659 2317 831 2377 Messallam
845 2321 874 2386 4,
889 2321 917 2387 l,
934 2322 1036 2377 121....
1046 2316 1135 2399 Tqrio
1149 2318 1299 2378 subtemine

221 2412 323 2457 uestem
337 2396 489 2468 Indueras,
502 2400 606 2458 oriente
620 2399 667 2458 die
679 2399 753 2457 duce
753 2396 872 2475 fertilis
883 2396 1070 2456 anni....Cum
1072 2398 1148 2475 sera
1159 2398 1298 2457 discordes

221 2485 369 2537 tenuerunt
375 2476 505 2557 flamina
525 2478 700 2551 nentinaEt
716 2477 823 2557 largita
841 2476 899 2535 tuis
912 2484 978 2535 sunt
993 2475 1081 2535 multa
1095 2476 1203 2536 silentia
1218 2478 1297 2536 uotis.

223 2556 284 2615 Sed
298 2569 425 2628 stamus:
447 2568 478 2615 et
496 2557 534 2616 ad
547 2556 646 2616 Taciti
662 2558 761 2616 locum
776 2556 832 2623 aio,
852 2574 911 2613 non
930 2555 971 2613 ita
990 2555 1122 2614 districte
1143 2556 1232 2616 verba
1244 2576 1296 2619 ,ca-

221 2635 339 2713 pienda,
362 2636 443 2715 quasi
464 2635 514 2694 illo
534 2636 599 2715 ipso
624 2635 672 2693 dic
691 2646 771 2703 vota,
793 2634 846 2692 sed
867 2634 950 2724 quasi
969 2634 999 2691 in
1017 2634 1191 2713 propinquo.
1233 2636 1310 2693 Aut‘

220 2714 335 2773 verius:
357 2718 531 2774 etiamtunc
545 2726 614 2774 vota
626 2713 726 2783 fuisse,
742 2714 795 2771 sed
811 2732 850 2772 ex
864 2724 923 2771 r1tu
942 2712 1050 2791 prisco,
1069 2733 1136 2791 quae
1150 2713 1204 2771 soli
1218 2714 1297 2773 Con·

220 2794 300 2852 sules
314 2795 535 2872 nuncupabant,
554 2815 608 2874 pro
622 2792 742 2872 Imperii
756 2803 787 2851 et
802 2791 903 2871 populi
915 2791 1028 2851 salute:
1048 2792 1115 2853 baec
1129 2803 1227 2851 autern
1242 2812 1296 2871 pro

221 2873 359 2953 Principe
377 2875 535 2940 subtexta3
557 2885 588 2932 et
601 2874 650 2931 die
666 2872 786 2952 quidem
805 2871 970 2930 laetiorcet
989 2872 1159 2950 augustiore
1179 2892 1298 2951 pompa.

222 2953 312 3027 Quod
326 2954 422 3031 ipsum
436 2953 473 3010 de
489 2952 662 3011 Tibullianis
676 2951 732 3009 illis
748 2968 873 3009 censeo:
898 2969 969 3009 sane
986 2950 1078 3008 veteri
1098 2950 1174 3026 Rep.
1194 2952 1297 3028 negari

220 3051 280 3090 non
295 3044 403 3111 potest,
423 3031 493 3111 quin
510 3043 579 3090 vota
598 3032 667 3111 ipsis
682 3028 836 3091 Kalendis.
854 3030 967 3088 Omitto
986 3028 1084 3107 plures
1099 3028 1176 3087 Livii
1195 3029 1295 3089 locos:

220 3110 301 3170 bunc
315 3112 354 3170 do
367 3112 484 3170 firmum
499 3122 530 3169 et
544 3112 655 3170 clarum
669 3114 718 3177 21,
732 3113 781 3169 63.
796 3120 948 3167 extremo:
971 3107 1129 3167 Consulem
1143 3106 1175 3167 0.
1186 3108 1297 3167 Flami·

220 3191 515 3251 nium....conscientia
526 3191 750 3267 praeteritarum,
766 3198 792 3246 et
804 3210 837 3247 ca
858 3186 966 3246 italiam
976 3201 1004 3247 et
1013 3185 1159 3247 sollennem
1173 3198 1296 3246 actorum

221 3272 456 3347 nuncupationem
458 3272 600 3349 fugisse:
623 3289 656 3327 ne
669 3267 715 3327 die
730 3266 794 3327 initi
804 3210 1012 3345 bdrgistratus,
1027 3266 1109 3325 Jauis
1124 3267 1157 3326 O.
1170 3268 1214 3325 M.
1228 3280 1297 3326 tem·

216 3350 299 3425 plum
314 3350 414 3410 adiret.
448 3348 524 3407 Fieri
546 3349 634 3407 etiarn
655 3358 764 3425 potest,
787 3356 819 3405 ut
833 3346 932 3423 plures
947 3346 1009 3403 dies
1025 3356 1160 3403 votorum
1174 3345 1294 3414 fuerint,

220 3427 271 3485 ille
285 3439 383 3486 tamen
398 3429 503 3487 tertius
518 3439 587 3486 ante
600 3429 702 3485 Nonas
716 3425 890 3505 precipuus,
930 3424 1086 3503 Concepta
1105 3436 1206 3483 autem
1222 3436 1251 3483 et
1265 3426 1295 3482 in

221 3508 324 3568 eastris
338 3508 417 3586 apud
431 3506 530 3584 signa3
549 3518 579 3564 et
593 3506 622 3562 in
637 3504 786 3586 capitolio.
821 3502 1021 3561 Tertullianus
1033 3503 1071 3561 de
1082 3503 1200 3561 Corona
1211 3523 1237 3561 c.
1251 3508 1296 3562 li.

220 3587 297 3648 Eece
311 3608 403 3646 anniae
413 3596 539 3645 notoriam
550 3585 733 3663 nuncupatio,
748 3583 820 3663 quid
828 3580 961 3641 uidetur?
982 3582 1085 3641 Prima
1099 3584 1127 3641 in
1135 3581 1295 3673 principiis,

219 3667 341 3725 secunda
353 3668 381 3725 in
394 3662 544 3742 capitoliis.
573 3664 687 3742 Accipe
692 3673 760 3745 post
771 3664 833 3721 loen
846 3675 875 3721 et
888 3660 980 3721 verda.
1013 3660 1103 3721 Hune
1117 3662 1168 3721 tibi
1181 3664 1298 3739 Jupiter

219 3746 315 3807 danem
330 3747 458 3804 cornibus
471 3766 540 3803 auro
557 3744 693 3802 decoratis
711 3761 837 3802 uouemus
856 3760 914 3799 esse
921 3744 1072 3821 futurum.
1114 3740 1174 3799 Ubi
1192 3752 1222 3799 et
1236 3740 1296 3799 for-

219 3825 403 3903 mulae-parm
424 3824 453 3881 in
468 3843 526 3901 qua
539 3834 639 3882 tamen
658 3822 786 3900 corrigo,
807 3840 865 3879 esse
872 3823 1065 3903 facturuml.
1099 3818 1153 3877 Est
1167 3820 1244 3879 enim
1259 3840 1295 3879 eo

220 3899 359 3983 exemplo
374 3904 498 3972 dictum,
513 3922 572 3981 quo
586 3902 659 3961 illud
674 3900 822 3960 Gracchi:
848 3901 938 3959 Credo
951 3921 1003 3979 ego
1017 3900 1141 3961 inimicos
1158 3920 1231 3957 meos
1243 3898 1297 3961 tor

219 3984 371 4043 dicturum.
404 3983 479 4041 Dies
492 3982 542 4041 hic
555 3981 675 4060 publice
688 3981 789 4049 laetus;
806 3978 875 4037 ideo
898 3998 936 4037 ue
947 3977 1046 4038 AElius
1061 3978 1160 4037 Cesar
1170 3991 1296 4039 uotorum

221 4084 322 4136 caussa
337 4062 371 4123 ab
387 4062 543 4123 Hadriana
557 4060 650 4139 lugeri
663 4073 705 4119 est
717 4061 826 4120 uetitus.
893 4105 898 4118 .
914 4057 1058 4136 Spartian.
1074 4062 1121 4117 24,
1148 4058 1295 4115 Eumdem

221 4142 308 4202 etiarn
319 4143 462 4201 sollennia
472 4140 570 4210 οἱπλῶς
581 4139 768 4217 appellarunt
776 4142 809 4215 †.
838 4136 928 4202 Quod
937 4138 1061 4196 observo
1070 4156 1109 4194 ex
1120 4134 1296 4195 Tertulliani

220 4221 265 4281 bis
275 4209 372 4280 vdrbis
380 4221 468 4299 Apol.
478 4225 526 4281 35.
563 4220 643 4278 Vera
653 4218 797 4298 religionis
806 4216 928 4277 homines
937 4218 1021 4276 etiam
1032 4216 1156 4276 solennia
1167 4214 1296 4294 Impera·

253 4383 269 4411 ⁸
286 4380 326 4428 Ita
336 4380 410 4427 Poeta
420 4387 499 4427 vetum
518 4361 592 4425 Mars
603 4378 646 4427 tibi
657 4391 727 4425 υουυο
735 4378 863 4441 saetarum
874 4378 965 4427 bidente
978 4392 1055 4429 verre.

252 4448 268 4511 †
287 4444 320 4493 Et
331 4444 422 4492 Plinius
432 4458 516 4507 suptar
535 4444 647 4493 Solensis
658 4450 720 4494 aru.
