3034 4967
507 276 511 281 »
553 243 774 303 DIALOGUS.
795 242 883 303 OAI‘.
906 247 951 303 13.
1240 250 1279 311 ⁶7

215 422 379 491 sacrosque
403 408 518 505 Reges,
547 406 628 471 iuter
655 426 734 494 quos
756 404 917 471 neminem
941 404 1193 487 caussidioorum,
1218 409 1273 475 sed

215 488 346 573 Orphea
370 513 405 555 sc
430 492 559 571 Lrnum,
584 514 631 570 ao,
663 492 688 557 si
712 490 912 576 introspicere
937 488 1030 554 altius
1053 488 1139 573 velis,
1169 492 1273 578 ipsum

214 569 393 656 Apollinem
407 577 599 673 accepimus:
622 574 684 655 vel,
700 575 725 639 si
742 574 810 639 haec
829 574 973 641 fabulosa
988 574 1080 644 nimis
1101 589 1133 640 et
1151 600 1275 664 compo,-

214 654 273 728 sits
297 660 452 741 videntur,
477 661 557 725 1llud
582 672 664 725 certe
689 660 767 723 mihi
792 659 943 736 concedis,
967 660 1067 747 Aper,
1088 682 1152 725 non
1174 664 1274 747 mino-

213 762 279 805 rem
301 743 450 817 honorem
473 748 626 824 Homero,
649 768 744 843 quam
768 741 982 823 Demostheni,
1004 744 1267 893 spudsposteros:

212 846 268 889 nec
290 830 524 913 angustioribus
544 830 682 896 terminis
701 830 817 895 samam
835 827 998 915 Euripidis
1017 843 1075 895 sut
1120 830 1269 917 uphoclis,

214 932 309 995 qusm
325 914 432 1000 Lysim
449 929 506 983 sut
521 914 703 1003 Hyperidis,
723 913 861 979 iucludiz
884 914 990 1001 plures
1010 914 1103 979 hodie
1123 916 1269 1005 reperies,

213 996 269 1079 qui
283 998 442 1064 Ciceronis
463 1000 605 1087 gloriam,
626 1022 722 1087 quam
740 1000 796 1086 qui
815 997 954 1085 Virgilii,
977 999 1156 1089 detrectent.
1200 1000 1271 1067 Noc

213 1079 297 1151 ullus
311 1084 414 1149 Asinii
433 1102 489 1149 sut
508 1084 652 1151 Messalae
672 1084 750 1149 liber
772 1100 836 1149 tam
854 1083 993 1149 inlustris
1013 1096 1071 1163 est,
1086 1106 1180 1171 quum
1196 1084 1269 1151 Me-

213 1162 273 1229 dea
288 1167 406 1247 Ovidii,
422 1183 478 1234 sut
493 1170 582 1237 Varii
598 1171 762 1259 Thyestes

250 1251 358 1317 XIII.
374 1257 422 1319 Ac
437 1278 476 1319 ue
489 1256 647 1321 fortunam
662 1254 790 1341 quidem
804 1265 924 1331 vatum,
936 1266 968 1317 et
981 1252 1060 1317 illud
1074 1252 1150 1319 felix
1160 1269 1269 1343 contu·

210 1332 364 1416 bernium,
379 1363 556 1427 comparare
575 1340 731 1404 timuerim
753 1361 826 1403 cum
843 1339 984 1425 inquieta
1005 1350 1036 1403 et
1058 1340 1154 1403 anxis
1166 1351 1269 1421 orsio·

210 1440 282 1482 rum
296 1422 368 1485 vita.
400 1425 492 1490 Licet
505 1425 573 1489 illos
587 1424 754 1491 certamina
768 1438 801 1488 et
815 1422 952 1510 pericula
961 1446 1018 1486 sua
1028 1420 1069 1487 sd
1080 1422 1269 1511 Consulatus

210 1505 386 1581 evexerint;
410 1508 492 1573 malo
514 1531 657 1587 securum
683 1525 714 1573 et
731 1522 882 1573 secretum
907 1506 1031 1593 Virgilii
1052 1530 1215 1595 secessum,
1233 1508 1269 1573 iu

210 1610 274 1671 quo
286 1602 388 1655 tamen
400 1616 500 1680 neque
508 1595 594 1681 apud
605 1594 727 1659 Divum
741 1598 922 1679 Augustum
931 1591 1033 1679 gretie
1043 1593 1154 1681 ceruit,
1165 1616 1186 1656 n
1228 1591 1268 1657 ue

209 1673 295 1756 spud
310 1677 470 1763 Populum
481 1684 661 1748 Romanum
676 1679 795 1743 notitia„
842 1680 953 1742 Testes
963 1678 1105 1763 Augusti
1117 1702 1134 1742 e
1157 1677 1216 1743 isto
1227 1702 1266 1755 se,

209 1758 297 1821 testis
310 1760 375 1843 ipse
394 1763 542 1848 populus,
561 1765 629 1850 qui,
645 1764 761 1827 auditis
781 1763 815 1825 in
836 1762 957 1827 theatro
971 1763 1112 1826 versibus
1127 1701 1267 1859 llirgiiii,

208 1844 345 1906 surrexit
359 1846 531 1924 universus,
546 1863 577 1911 et
595 1848 676 1912 forte
690 1859 875 1933 praesentem
896 1858 1147 1944 spectantemque
1161 1847 1270 1931 Virgi-

207 1922 287 1988 lium
301 1940 466 1993 veneratus
480 1941 527 1992 est
541 1930 594 2010 sic,
609 1930 698 2013 quasi
713 1935 907 2014 Augustum.
952 1932 1002 1991 Ne
1016 1942 1129 1993 nostris
1141 1928 1269 2014 quidem

207 2012 411 2095 temporibus,
429 2014 590 2077 Secundus
606 2014 800 2098 Pomponius
812 2013 894 2076 Afro
903 2012 1046 2076 Domitio
1056 2013 1107 2076 vel
1116 2011 1268 2099 dignitate

207 2093 292 2173 ritae,
307 2096 357 2159 vel
370 2098 578 2183 perpetuitate
592 2099 694 2174 famae,
711 2095 842 2161 cesserit.
887 2100 970 2161 Nam
987 2096 1119 2182 Crispus
1133 2108 1165 2165 et
1180 2100 1269 2163 Mer-

207 2178 313 2257 oellus,
327 2180 369 2251 sd
382 2204 518 2267 quorum
532 2180 675 2268 exempla
689 2204 740 2245 me
753 2202 855 2259 vocas,
870 2180 949 2267 quid
962 2180 1081 2245 habent
1094 2182 1127 2245 in
1140 2183 1200 2247 lrac
1211 2206 1270 2248 sus

208 2262 334 2329 fortuna
354 2266 660 2354 concupiscendum?
682 2290 721 2330 sn
737 2266 824 2353 quod
839 2266 973 2331 timent?
998 2288 1039 2329 au
1053 2268 1141 2352 quod
1155 2267 1268 2354 timen-

209 2352 280 2413 tur?
292 2350 390 2439 quod,
399 2375 471 2419 oum
480 2352 619 2439 quotidie
628 2351 747 2437 aliquid
756 2363 918 2439 rogentur,
926 2350 971 2429 hi,
982 2350 1097 2436 quibus
1104 2366 1266 2440 priestsut,

207 2518 287 2569 munet
297 2524 567 2588 &preasumsisse
587 2522 721 2575 munem
753 2529 831 2570 mm
846 2528 882 2570 est
898 2535 914 2567 a
931 2518 1010 2571 Rieu.
1029 2520 1095 2586 prius
1109 2530 1158 2577 eret
1178 2524 1205 2571 se
1217 2536 1269 2593 xqus

207 2594 260 2636 eum
266 2585 457 2636 Acii-comedes.
753 2594 813 2635 tum.

241 2648 319 2703 Quom
337 2654 378 2711 qui
400 2654 512 2717 Virgilii]
537 2650 627 2702 Addidi
645 2653 687 2713 qiu·
708 2666 721 2699 s
789 2650 1269 2715 virgiuumvmrarmetffrigidevir-

208 2708 282 2760 MSS.
292 2713 348 2762 Vat
358 2730 415 2771 cum,
423 2716 537 2776 Broterio,
548 2724 575 2764 ut
585 2731 655 2779 supro
665 2731 684 2763 c
697 2719 720 2767 8.
750 2714 897 2828 fflomm
907 2714 946 2761 hic
958 2716 1075 2778 repetitu,
1086 2715 1216 2778 meliusque
1226 2718 1270 2769 air·

207 2773 280 2823 Eun.
302 2776 425 2829 nemetis
432 2789 517 2829 veteres
528 2782 662 2828 duremort.
684 2778 722 2827 Sic
864 2778 910 2830 sed
922 2779 1006 2835 similis
1021 2779 1045 2827 iu
1061 2778 1143 2829 Tacito
1159 2780 1268 2837 uidimus·

207 2845 258 2889 ets·
272 2846 311 2888 il.
319 2844 465 2893 detractaret.
751 2842 815 2891 Mox
830 2845 909 2907 proin
919 2843 963 2889 hoc
968 2847 1081 2905 presenti
1085 2844 1111 2905 fi
1124 2842 1198 2897 MSS.
1210 2843 1267 2891 Vst-

232 2902 317 2951 Medca
329 2908 422 2967 Ovidii,
430 2916 472 2957 aut
488 2908 567 2971 Varii]
579 2906 652 2956 Deest
662 2906 722 2955 euti·
753 2909 780 2953 iu
789 2908 833 2954 loc
843 2906 915 2968 ruofi
932 2907 994 2969 quod
1004 2907 1124 2955 Broterius
1133 2907 1217 2955 melius
1224 2908 1267 2968 ju·

206 2967 540 3077 gpoIMS.Farn.)illud,aut
552 2974 628 3019 Varii.
645 2970 721 3019 ers.
751 2970 822 3019 diest.
854 2970 907 3032 Ego
920 2984 974 3018 vero
989 2980 1013 3018 et
1026 2972 1117 3032 reecpit
1140 2985 1268 3032 nsmproe·

233 3045 261 3083 e„
272 3034 341 3080 Varii
362 3036 460 3096 Thyeste
478 3037 562 3095 Qumt.
581 3038 618 3089 10,
638 3038 660 3093 1,
681 3036 720 3084 98.
753 3034 896 3085 sentiestuil
904 3034 968 3081 aliud
975 3049 1046 3097 quem
1054 3036 1105 3081 hac.
1124 3034 1266 3087 PorroBro·

207 3107 277 3156 quem
283 3100 377 3146 cuilibet
382 3100 518 3147 Groecorum
523 3101 654 3161 cornparori
654 3112 722 3159 posse
754 3100 824 3145 terlus
834 3098 917 3145 delerit
931 3096 1034 3159 primum
1046 3112 1085 3152 aa,
1111 3095 1158 3143 uod
1168 3112 1183 3144 s
1192 3096 1267 3149 MSS.

209 3163 312 3209 rentur.
343 3160 384 3211 De
399 3164 505 3212 Messala
521 3162 605 3223 Quint.
626 3164 722 3221 1210,
755 3160 887 3209 Vetebest.
919 3160 1079 3208 Forterectius
1191 3160 1267 3210 deles·

209 3218 246 3270 ll.
568 3267 570 3272 .
751 3232 799 3275 tur.
831 3226 904 3275 Euri.
936 3223 1021 3273 Malim
1032 3224 1113 3287 prius;
1124 3222 1205 3277 delevi.

239 3289 274 3336 Et
283 3290 346 3339 illud
349 3290 414 3353 selis
422 3292 608 3355 contubernium]
625 3290 678 3339 Aut
684 3290 719 3339 vi-
793 3292 844 3339 Sec.
860 3290 1019 3351 Pomponius]
1038 3288 1139 3351 Suiptor
1157 3288 1265 3351 uagicus,

207 3348 266 3399 tium
288 3352 326 3402 hic
347 3362 389 3403 sut
409 3356 499 3403 lacuna.
532 3356 676 3417 Cogitabam,
697 3360 720 3403 et
751 3353 842 3417 dequo
856 3353 991 3411 A.11‚13.
1024 3352 1064 3400 De
1078 3353 1143 3416 Afro
1156 3353 1265 3404 Domitio

207 3415 266 3463 illud
273 3433 349 3465 secum
358 3422 539 3467 contubernium.
561 3419 600 3467 Er
609 3419 718 3477 Persici,
750 3417 785 3467 A.
796 3424 819 3472 4,
831 3420 871 3467 52.
886 3418 923 3473 rt,
936 3417 973 3466 19.
985 3424 1008 3465 et
1019 3416 1103 3471 Qnirrt.
1116 3418 1153 3472 12,
1167 3419 1204 3472 10,
1218 3419 1257 3465 ll‘.

207 3480 248 3526 52.
272 3482 362 3529 Tecum
371 3484 457 3531 mitte
472 3482 720 3546 Explicstmuxsccu-
783 3484 911 3543 iriquum
915 3482 1214 3544 proemst,iudignanturl
1222 3478 1265 3548 Iu-

205 3557 261 3590 rum
271 3552 294 3593 ct
304 3554 418 3595 mmmm
428 3562 538 3597 merirum
546 3547 625 3596 Cicero
632 3546 663 3593 sd
671 3546 719 3595 Cu·
750 3554 804 3609 epte
811 3554 834 3594 et
841 3545 907 3594 fuleo.
928 3545 1083 3607 Negationem
1091 3545 1158 3604 adde,
1166 3546 1200 3599 ht,
1212 3546 1264 3606 qui

205 3606 294 3657 fiunem
304 3616 329 3669 2,
346 3612 369 3660 7.
385 3619 461 3659 tecum
477 3614 583 3673 loquere:
601 3619 625 3659 tc
637 3612 718 3657 adhibe
749 3612 792 3658 bus
802 3624 847 3657 non
859 3615 981 3671 prestant.
1015 3608 1067 3657 usi
1077 3610 1155 3658 abesse
1164 3609 1264 3660 uerum

204 3670 231 3717 in
247 3674 385 3721 eonsiliumr
404 3682 427 3723 te
443 3678 508 3735 audi,
526 3676 568 3722 titt
583 3676 717 3736 obicnrpcra.
749 3674 882 3723 membrum
889 3674 962 3721 sentio
969 3672 1063 3735 periodo
1073 3673 1153 3736 plene.
1185 3671 1264 3724 ers.

205 3734 298 3785 (inor.
329 3740 400 3787 netu
411 3741 585 3788 contubernium
596 3738 718 3801 recteBip.
748 3738 851 3786 Fallitur
861 3738 963 3800 Lipsius.
997 3736 1116 3799 Significat
1128 3735 1190 3783 enim
1201 3733 1266 3795 quod

202 3796 336 3863 intelligunt
346 3803 375 3851 de
385 3805 525 3863 nemoribus,
536 3803 602 3863 lucis,
615 3810 637 3850 ct
648 3817 719 3851 secre—
749 3802 1079 3860 momsdecmreenst.
1112 3798 1264 3848 clematium

203 3870 236 3917 to,
248 3863 274 3911 in
286 3879 332 3927 quo
347 3875 410 3916 vetes
425 3884 502 3915 secum
519 3876 612 3917 etcum
628 3866 681 3915 Diis
695 3873 718 3913 ct
751 3869 874 3929 Principis
887 3867 945 3913 uicit
959 3866 1058 3919 inrids'a,
1071 3863 1199 3925 gressuque
1211 3870 1264 3910 erut

202 3924 312 3985 heroibus
319 3929 405 3979 vivant.
426 3932 465 3980 Sic
474 3947 520 3979 non
530 3946 589 3996 opus
597 3945 651 3979 cum
659 3932 718 3978 Bur·
750 3932 887 3991 lisertstpsa
894 3925 1165 3991 mvsumumpountis
1183 3924 1264 3979 Cicero

202 3988 251 4038 thio
267 4008 377 4056 reponere
389 3996 478 4057 Elysii,
488 3996 525 4044 vel
535 4010 589 4043 cum
599 3995 717 4045 Schultin-
749 4010 791 4059 pro
802 3995 868 4043 Sulis
881 3997 920 4044 26.
937 4010 1007 4055 quam
1018 3992 1089 4040 mulsi
1106 3994 1161 4038 suut
1176 3992 1263 4038 sumuu‘

203 4054 466 4122 giosedensprootioso.
749 4054 1263 4116 homincsctomats'rsimictnosin'etls'qur·

235 4121 303 4169 Licet
314 4124 374 4183 illos,
382 4126 439 4187 etc]
451 4125 542 4173 Locum
552 4124 615 4173 huuc
624 4122 718 4187 Lipsius
749 4126 808 4173 stris
821 4126 919 4180 ονᾶίπίε,
932 4134 1030 4184 quorum
1039 4132 1088 4179 pro
1100 4118 1175 4166 salute
1190 4133 1214 4171 rc,
1223 4120 1263 4165 hie

204 4196 217 4229 e
235 4196 276 4231 suo
292 4187 369 4235 codice
385 4188 480 4236 maurit.
514 4188 583 4236 Prius
598 4189 717 4251 legebatur
749 4188 965 4250 Suuaousgavut.
983 4186 1094 4244 01⁴oech
1101 4184 1263 4236 mmiwm'?

203 4245 249 4294 sle:
268 4250 321 4297 lieet
332 4252 481 4313 tuosagtunt
489 4255 645 4300 certansisract
651 4253 718 4313 peri·
748 4268 820 4315 neque
833 4254 897 4299 enim
911 4250 957 4311 ipsi
970 4248 1060 4307 solunt,
1077 4255 1099 4295 ct
1109 4246 1170 4294 huic
1184 4247 1264 4298 anim

205 4312 256 4358 eura
270 4328 314 4360 sua
324 4322 348 4362 ct
362 4320 529 4365 controversie.
562 4316 624 4365 Mox
637 4318 718 4377 inquo
747 4318 885 4379 gratum
895 4315 995 4362 adsunt.-
1011 4314 1060 4375 scd,
1074 4312 1220 4433 unigenum
1230 4312 1264 4362 etl
