3034 4967
508 271 565 332 AD
587 270 745 330 ANNAL.
767 270 846 330 Llll.
866 273 950 332 XIV.
1215 277 1272 332 169

201 439 312 499 aarum
326 448 357 498 et
369 435 536 514 xiphilinus
548 439 599 506 65,
611 438 640 496 2.
679 435 717 496 Ti
729 439 861 494 viriumr
873 433 922 512 τῆς
936 434 1042 518 ἡμέρας
1056 435 1104 498 nat
1115 435 1164 513 mis
1181 435 1277 506 νυκτὸς

202 517 339 578 ἐδαπάνα.
379 516 527 574 Diurnuni
542 535 614 593 ergo
628 513 795 574 convivium
811 514 960 592 (intelligo
974 514 1141 584 ameridie,
1154 532 1206 574 aut
1220 517 1277 576 cir·

203 597 290 672 citer)
301 595 517 674 tempestivum,
529 595 598 674 quia
608 594 712 652 initum
722 594 849 671 tempori
859 593 960 652 nimis:
974 606 1152 654 nocturnum
1164 607 1278 665 contre,

193 675 451 752 intempestivum.
479 673 631 734 Describit
641 672 810 751 Propertius
819 678 849 742 4,
863 678 894 742 6,
908 678 957 733 85.
985 673 1032 734 Sic
1043 683 1152 734 nomem
1161 684 1278 751 patera,

204 757 246 814 sic
258 755 361 814 ducam
375 754 509 823 carmine,
523 755 610 812 dmsea
622 751 745 830 lajt'aivt
763 753 859 812 radios
877 753 908 811 in
928 773 989 812 mea
1003 753 1070 813 vina
1083 753 1154 814 dies.
1197 753 1280 813 Suet.

110 865 113 878 ·
206 834 300 908 Calig.
312 838 362 894 45.
405 835 541 892 Senatum
561 831 753 913 populumque
766 831 927 911 objurgavit
943 832 1047 902 edisio,
1063 833 1146 910 qvod,
1164 833 1280 894 Caesare

192 962 194 968 .
201 911 362 990 preliante,
373 911 566 990 intempestiva
579 911 704 973 convivia
716 911 820 970 circum
830 921 858 970 et
868 910 980 970 theatra
990 920 1017 971 et
1028 933 1150 972 amasos
1161 932 1281 972 secessus

206 990 389 1052 celebrarent.
410 992 517 1051 Cicero
530 1011 584 1070 pro
597 992 724 1052 Murena
737 1009 764 1048 c.
778 994 807 1049 6.
827 990 1019 1071 Intempestiui
1030 990 1160 1060 convivii,
1175 991 1282 1051 nmoeni

205 1070 270 1140 loci,
285 1069 435 1130 multarum
449 1071 613 1131 deliciarum
626 1089 715 1131 eomes
729 1079 771 1129 est
783 1078 906 1130 eatrema
919 1068 1044 1130 saltatio.
1074 1069 1194 1129 Curtius
1206 1076 1238 1140 6,
1253 1073 1282 1132 2.

207 1151 407 1230 Intempestive
420 1150 546 1210 convivia
559 1161 586 1210 et
596 1149 767 1228 perpotandi
780 1148 1031 1230 pervigilandique
1044 1149 1147 1208 insana
1160 1149 1282 1209 dulcedo.

209 1229 250 1286 Et
261 1230 398 1308 exempla
407 1230 508 1331 plura:
520 1230 574 1290 sed
587 1231 632 1299 iis,
646 1229 696 1306 qui
709 1248 761 1287 cor
771 1228 893 1299 habent,
903 1228 969 1288 haec
978 1229 1067 1288 satu:
1080 1227 1173 1312 papiu
1183 1241 1284 1290 autem

209 1304 374 1368 virensium
390 1326 449 1370 aare
463 1307 542 1388 ῥῆξαί
555 1310 626 1377 ἐστι,
641 1309 683 1368 ait
695 1309 821 1368 verbum
834 1310 953 1368 vetus*.

733 1545 770 1605 Β.

658 1703 750 1763 CAP.
772 1704 839 1763 XV.

254 1864 318 1924 Snn
338 1873 370 1921 et
390 1879 513 1920 munera
532 1861 606 1938 peti,
622 1861 745 1939 darique
766 1865 863 1924 solent
876 1881 913 1924 eo
925 1863 976 1923 die
994 1863 1034 1922 ad
1045 1862 1176 1922 barbam.
1216 1866 1288 1921 Am·

212 1944 327 2004 nunnus
346 1945 393 2010 17,
413 1945 441 2002 9.
483 1939 583 1999 Cesar
601 1961 664 2000 cum
686 1943 805 2031 petenti,
828 1963 863 2002 ea
883 1963 945 2011 usu,
962 1942 1099 2021 gregario
1117 1941 1240 2011 cuidam,
1257 1950 1289 2000 ut

200 2023 317 2084 -bnrlas
332 2019 507 2088 detenderet,
520 2019 640 2080 dedisset
654 2019 765 2100 aliquid
778 2020 842 2090 vile,
858 2019 1057 2080 contumeliosis
1071 2019 1221 2080 calumniis
1234 2042 1289 2101 ap-

201 2103 318 2182 petitus
340 2113 383 2160 est
404 2121 421 2157 a
444 2098 611 2158 Gaudentio.
652 2099 806 2159 luvenalis
827 2105 944 2170 a‚186.
988 2098 1044 2160 Ille
1065 2101 1141 2158 metit
1163 2100 1289 2168 barbam,

215 2182 321 2240 crinem
333 2180 381 2238 lic
394 2177 509 2256 deponit
521 2177 621 2249 aurati,
635 2177 731 2238 Plena
745 2182 844 2239 domus
856 2179 922 2240 libis
940 2179 1080 2239 venalibus
1097 2178 1158 2254 (alii
1168 2178 1291 2260 geniali·

215 2261 290 2334 bas).
332 2257 501 2325 Quinetiam
517 2257 584 2316 Deo
599 2257 687 2316 alicui
707 2260 817 2318 sacrari
838 2258 935 2327 solite,
954 2270 988 2316 ut
1001 2258 1082 2336 apud
1096 2258 1219 2316 Graecos
1233 2257 1290 2314 vir-

215 2340 317 2418 ginum
330 2355 659 2426 puerorumquecomae
674 2337 756 2398 Suet.
769 2339 807 2397 de
820 2339 940 2397 Nerone
957 2342 1002 2428 12.
1016 2337 1153 2430 ,Barbam
1162 2337 1291 2414 primam

209 2415 533 2571 ttttsttllttttt
546 2418 1292 2573 tt..tltt.tttl⁶l.t.ttff'ttttl}ttlttt'll

215 2575 297 2645 licet,
312 2594 348 2633 ex
362 2572 460 2632 Dione
474 2576 523 2642 61,
540 2577 586 2635 19.
628 2573 752 2634 Earinus
773 2574 854 2652 opud
873 2574 1041 2632 Martialem
1061 2579 1090 2642 9,
1106 2572 1292 2651 ltprimum

216 2653 385 2732 lanuginem
399 2671 574 2729 comamque
589 2653 749 2732 Pergameo
766 2655 864 2733 posuit
884 2653 958 2712 dona
970 2662 1086 2712 saerata
1099 2653 1176 2713 Deo.
1217 2653 1292 2711 Ter-

216 2733 355 2792 tullianus
374 2730 413 2788 de
429 2730 544 2790 anime:
578 2733 648 2808 Quis
666 2751 722 2792 non
740 2733 841 2792 exinde
857 2742 909 2791 aut
925 2741 1013 2792 totum
1028 2731 1089 2812 feli
1108 2731 1203 2810 (lego,
1213 2732 1290 2810 filis)

216 2822 303 2888 eaput
320 2810 414 2870 reatui
431 2822 521 2880 vauet,
538 2811 725 2889 autaliquem
745 2812 851 2891 eaciqnt
871 2816 988 2882 crinem,
1006 2821 1056 2870 aut
1075 2819 1136 2870 tota
1151 2811 1292 2871 novacula

212 2899 353 2970 poseant,
368 2897 418 2948 aut
431 2889 576 2968 sacrificio
592 2889 707 2970 obligat,
721 2901 771 2950 aut
789 2912 873 2956 sacra
887 2889 1018 2970 obsignat
1033 2911 1089 2966 pro
1104 2888 1224 2966 publiea
1242 2898 1295 2950 aut

212 2969 330 3049 privata
349 2968 518 3028 deuotione?
559 2969 737 3028 Censorinus
759 2970 797 3029 de
815 2971 864 3029 die
882 2980 943 3028 nat.
958 2990 986 3030 c.
999 2974 1026 3028 l.
1067 2968 1190 3036 Quidam
1208 2971 1295 3028 etiam

210 3071 269 3130 pra
284 3061 377 3108 cetera
392 3046 464 3106 lona
485 3047 613 3125 eorporis
626 3048 796 3119 valetudine,
810 3049 913 3108 emnem
926 3051 990 3108 Deo
1002 3068 1115 3108 sacrum
1132 3048 1294 3126 pasaelast.

218 3127 346 3194 Quando
360 3127 384 3184 is
398 3144 461 3183 mos
471 3125 576 3184 Romae
586 3129 710 3206 coeperit
722 3132 803 3203 (nem
817 3128 954 3206 antiquos
968 3128 1089 3187 barbam
1102 3126 1211 3186 aluisse
1222 3127 1294 3185 satis

211 3210 347 3278 constat)
360 3223 471 3282 quero.
500 3205 602 3264 Livius
613 3225 683 3266 eum
697 3226 861 3284 agnoscere
871 3207 988 3267 videtur
1003 3207 1057 3264 sub
1069 3205 1294 3268 ausisausis

218 3287 309 3355 clare,
322 3284 372 3342 ubi
384 3283 422 3341 de
432 3282 545 3343 Manlio
556 3285 722 3362 Capitolino
735 3287 767 3346 in
780 3302 932 3349 carcerem
947 3287 1085 3363 conjecto
1095 3289 1127 3356 6,
1141 3290 1187 3345 16.
1215 3285 1296 3346 Satis

220 3371 341 3433 cunstat,
355 3384 401 3424 rna
494 3372 609 3443 partem
624 3364 713 3443 plebis
725 3377 827 3426 aedem
840 3377 972 3437 mutasse,
987 3362 1089 3424 multos
1102 3367 1235 3426 mortales
1246 3385 1294 3424 ce-

217 3442 318 3522 pillum
337 3462 375 3502 aa
396 3383 511 3502 mm
529 3443 703 3521 mansuum.
744 3445 777 3504 Si
797 3445 828 3502 in
850 3446 934 3505 luctu
955 3444 1144 3524 promiserint
1161 3445 1296 3515 barbam,

220 3541 293 3602 ergo
307 3521 378 3582 alias
392 3541 466 3580 resa.
507 3522 631 3582 Retellit
646 3535 745 3582 tamen
758 3544 827 3585 enm
839 3521 932 3583 Varro
944 3525 982 3584 R.
994 3525 1073 3595 M,
1088 3528 1134 3584 ll.
1176 3523 1296 3583 Omnino

219 3611 344 3662 tonsores
365 3603 395 3662 iv
411 3599 497 3659 Italia
516 3601 642 3678 primum
660 3606 765 3664 venisse
781 3625 816 3662 ea
834 3604 933 3664 Sicilia
947 3605 1078 3664 rb‘cuntur
1087 3612 1155 3682 port
1169 3605 1208 3664 R.
1224 3603 1255 3661 C.
1268 3624 1297 3661 a.

219 3680 636 3760 454.1us0rtptumiupatltco
648 3683 755 3742 Ardere
765 3684 794 3742 iu
804 3683 909 3744 litteris
919 3693 1025 3747 emsa:
1039 3704 1139 3764 eosque
1147 3681 1299 3741 adduxisse

221 3762 261 3820 P.
280 3760 421 3820 Ticinium
436 3759 565 3832 Menam.
610 3762 686 3820 Olim
701 3771 825 3822 tonsores
846 3763 1011 3902 avulsisse
1023 3764 1088 3822 ads'
1110 3762 1230 3840 nifieant
1243 3782 1297 3820 an-

221 3839 360 3916 tiquorum
370 3849 484 3908 stature,
498 3844 574 3919 quod
582 3839 727 3921 pleraque
736 3842 841 3902 halent
852 3843 917 3919 aap'
928 3844 987 3902 lum
997 3851 1025 3902 et
1035 3845 1086 3901 lar
1104 3863 1149 3900 arn
1159 3860 1298 3920 magnam.

222 3919 289 3978 Nec
303 3919 432 3995 ambigo,
447 3919 517 3996 quin
532 3938 571 3978 ex
585 3921 643 3978 ritu
655 3920 700 3979 sui
714 3922 933 4000 superiorisque
947 3923 1002 3983 aevi
1016 3919 1197 3981 aberraverit
1214 3920 1297 3980 Livio

222 4011 305 4056 mens
317 4008 349 4056 et
362 4017 474 4056 manus.
515 3999 621 4058 Cicero
632 4010 715 4060 certe
728 4021 783 4078 pro
793 4001 835 4059 M.
847 4001 953 4072 Caelio,
967 4002 1055 4060 etiam
1069 4001 1127 4076 Ap.
1140 3998 1297 4059 Claudium

256 4215 270 4245 ¹
285 4213 325 4264 De
335 4213 467 4264 discrimine
478 4217 582 4264 conuiuii
594 4219 728 4279 tempestivi
739 4226 763 4266 et
775 4219 934 4280 intempestivi
948 4216 998 4280 egit
1010 4216 1137 4265 Turnebus
1147 4217 1211 4266 adv.
1221 4217 1246 4277 6,
1260 4217 1299 4266 16.

223 4277 314 4327 Verum
328 4282 492 4342 intempestiua
505 4281 572 4329 nulls.
586 4291 675 4330 exstem
688 4281 752 4346 apud
763 4290 857 4338 rama,
869 4283 935 4331 docet
949 4282 1049 4330 samu.
1060 4283 1091 4330 ed
1101 4282 1198 4346 Vopisci
1208 4282 1298 4331 Floria

222 4359 281 4392 mmr
292 4345 316 4390 6.
351 4345 390 4394 Cf.
399 4345 511 4394 Pitiscum
523 4345 553 4394 ed
563 4345 631 4396 Gurt-
639 4347 664 4406 6,
674 4349 698 4394 2.
730 4347 853 4396 Burman
861 4348 926 4398 Suet·
938 4346 989 4396 Cel.
997 4349 1037 4396 45.
1072 4348 1127 4398 Hoc
1136 4349 1187 4397 loeo
1195 4348 1299 4411 itemque

222 4408 248 4456 in
259 4408 371 4458 Cicerone
382 4409 475 4460 Ernesti
485 4411 549 4461 dedit
559 4414 705 4474 tempestiua,
719 4414 859 4475 tempestivi.
