3034 4967
135 292 148 309 ’
242 289 300 345 210
434 288 492 353 10.
511 290 608 349 AUG.
629 286 808 346 ERNESTI
829 286 1047 348 EXCURSUS
1069 289 1109 348 11.

766 406 775 437 o
1246 436 1252 449 1

281 450 450 511 Genuinum
464 472 527 513 esse
536 463 756 511 monumentum
767 450 943 522 Romanum,
954 470 1012 509 non
1020 446 1176 524 praefracte
1190 470 1307 531 negem,

243 530 355 589 etiamsi
369 532 509 608 quasdam
531 532 682 591 dubitandi
699 549 817 589 caussas
840 550 904 588 esse
922 549 981 588 non
999 527 1160 595 abnuerim,
1176 548 1247 607 quas
1263 535 1306 591 vi.

243 608 320 665 disse
334 627 385 667 eos
400 620 482 701 puto,
497 610 546 688 qui
564 629 619 688 pro
637 609 738 689 spurio
756 608 959 687 repudiavere.
1000 610 1096 682 Atque
1117 607 1229 666 etiamsi
1242 611 1310 690 ipse*

241 686 597 747 11111111111111111111111
610 687 756 747 diluendis
767 686 971 759 laboraverim,
982 697 1079 745 tamen
1091 704 1148 742 non
1158 687 1196 746 ad
1206 707 1307 749 omnes
1372 702 1375 709 '

138 776 141 783 ·
240 764 311 821 mibi
324 778 456 843 paratam
470 766 688 845 responsionem
701 765 803 835 fuisse,
818 784 864 823 res
878 764 941 843 ipsa
958 764 1055 824 docet.
1096 762 1207 823 Verum
1221 781 1306 829 erunt

240 841 365 903 fortasse
373 846 422 904 alii
430 846 587 914 acutiores,
595 846 646 924 qui
654 844 735 903 ethis
746 862 903 904 occurrere
913 844 1034 921 possint.
1066 844 1210 919 Magnum
1218 846 1304 905 etiam

183 936 187 949 “
241 920 271 983 in
286 934 567 1002 utramquepartem
580 934 759 981 momentum
774 942 809 982 ac
824 941 915 1001 prope
929 923 1089 981 maximum
1097 920 1211 992 lecerit,
1222 924 1305 983 tabu·

241 1000 300 1059 lam
316 1003 461 1080 inspicere
478 1002 570 1081 ipsam
584 1002 739 1071 studere,
753 1020 791 1060 an
804 1012 889 1061 notas
909 1012 1004 1061 certas
1023 999 1202 1077 antiquitatis
1216 1013 1307 1065 1111111

198 1132 201 1144 ,
239 1078 363 1146 babeam
384 1080 465 1159 quod
475 1082 594 1160 quidem
608 1079 748 1139 affirmare
758 1100 816 1138 non
832 1080 1001 1139 dubitarunt
1012 1080 1061 1139 Fr.
1074 1079 1258 1149 blanchinus,
1274 1094 1305 1141 et

242 1157 333 1237 Rapis.
350 1160 517 1227 Fabrettus,
532 1158 745 1237 diligentissimi
760 1159 861 1217 talium
875 1178 972 1216 rerum
979 1158 1104 1235 judiees.
1128 1160 1164 1215 V.
1177 1160 1235 1237 Ep.
1248 1162 1309 1220 aa:

240 1238 330 1296 bretti
343 1239 381 1297 ad
394 1238 425 1300 1.
445 1242 482 1296 V.
502 1237 671 1307 Gravinum,
684 1237 721 1295 ad
735 1236 848 1295 calcem
867 1236 933 1294 libri
950 1242 975 1294 1.
990 1236 1027 1293 de
1047 1234 1131 1313 Orig.
1147 1236 1212 1296 111.
1233 1238 1303 1298 item

239 1328 307 1394 post
320 1316 448 1375 Maffeus
459 1317 489 1373 in
499 1316 611 1377 Critica
622 1315 775 1395 lapidaria,
785 1336 815 1393 p.
833 1318 897 1375 161.
937 1314 1126 1391 Metastasius
1139 1314 1243 1387 111111,
1254 1319 1307 1396 qui

199 1416 203 1421 ’
224 1392 228 1398 ’
241 1396 413 1453 Tractatum
427 1395 536 1454 adhoc
557 1394 669 1453 SCtum
690 1392 783 1453 edidit
804 1394 908 1454 Romae
930 1398 1015 1459 1757.
1027 1412 1113 1471 quem
1127 1405 1232 1455 contra
1245 1396 1303 1455 dis·

240 1473 356 1552 putavit
369 1472 493 1553 Spanius
506 1472 605 1534 libello
619 1472 746 1552 proprio.
877 1544 879 1555 Ι
1040 1510 1042 1515 -
1109 1509 1112 1515 -

223 1706 228 1713 ,
280 1638 1172 1722 81111111111311101111111111111111111118011113111
1186 1641 1306 1702 nornine

241 1720 459 1797 comprehendi,
469 1734 500 1781 et
510 1722 635 1782 subinde
644 1721 673 1779 in
681 1723 749 1797 jure
756 1718 949 1797 popularique
959 1718 1096 1796 loquendi
1106 1719 1218 1777 ratione
1226 1718 1307 1799 leges

239 1799 350 1860 vocari.
379 1800 448 1892 lpse
460 1800 490 1857 in
504 1800 601 1860 Taciti
614 1799 695 1857 libris
709 1798 807 1857 locum
821 1797 910 1856 talem
923 1797 1030 1874 reperi,
1044 1797 1082 1855 ad
1095 1816 1183 1874 quem
1196 1802 1304 1870 111111,

236 1874 315 1954 legis¹
326 1897 442 1937 nomme
453 1880 563 1939 SCtum
577 1877 700 1955 intelligi
715 1876 835 1935 debere.
849 1876 907 1935 Sed
920 1875 949 1931 in
964 1875 1027 1952 ipso
1040 1875 1306 1937 Senatus-consulti

239 1966 384 2015 contextu
398 1958 495 2036 legem
510 1977 563 2035 pro
579 1956 659 2017 scio
673 1954 732 2014 dici
745 1954 870 2023 solitam,
882 1945 912 2013 11
926 1953 1044 2031 quidem
1057 1952 1148 2031 legem
1163 1966 1309 2032 rogatam,

237 2032 270 2091 id
283 2033 402 2111 quidem
421 2055 478 2096 nec
494 2036 595 2104 credo,
609 2054 666 2093 nec
683 2032 784 2091 doceri
801 2050 888 2109 posse
906 2032 1039 2091 arbitror.
1059 2032 1165 2123 Itaque
1184 2032 1211 2091 ei
1231 2034 1304 2093 diffi·
1402 2056 1416 2069 ·

239 2112 342 2170 cultati
355 2114 411 2172 alia
427 2115 541 2173 ratione
562 2111 774 2173 occurrendum
796 2121 878 2188 puto,
893 2129 951 2187 qua
969 2110 1054 2168 simul
1076 2130 1223 2181 1111111111,
1235 2113 1304 2175 huic

241 2190 283 2249 rei
298 2190 395 2269 aliqua
408 2191 460 2251 lux
474 2190 662 2252 adt'undatur.
747 2232 751 2235 -

191 2407 196 2414 .
278 2348 409 2430 Scilicet,
422 2360 515 2438 prima
528 2359 578 2418 lex
591 2358 650 2428 illa,
665 2376 724 2436 qua
742 2354 871 2415 Romulo
889 2355 1043 2434 imperium
1064 2357 1164 2416 datum
1179 2370 1235 2429 est,
1249 2359 1306 2421 fuit

239 2435 361 2497 curiata.
375 2438 470 2517 idque
480 2439 645 2498 institutum
653 2435 759 2493 mansit
768 2435 822 2493 sub
835 2434 967 2525 Regibus
978 2454 1036 2493 non
1046 2435 1144 2506 modo,
1155 2438 1304 2499 sedetiam

237 2513 331 2574 libera
352 2518 523 2597 Republica.
538 2516 680 2576 Consules
700 2512 870 2573 centuriatis
881 2513 923 2570 rlli
938 2514 1055 2591 quidem
1071 2515 1194 2574 comitiis
1207 2518 1305 2577 statim

238 2597 276 2656 ab
297 2594 379 2653 initio
400 2597 492 2656 creati
512 2600 590 2667 sunt,
605 2605 726 2654 auctore
746 2591 829 2651 Livio
847 2596 871 2660 1,
885 2596 936 2651 60.
955 2591 1007 2650 sed
1028 2593 1181 2671 imperium
1201 2594 1305 2655 iisdem

239 2674 340 2732 datum
355 2686 401 2733 est
414 2675 481 2752 lege
492 2673 616 2745 curiata,
627 2692 692 2752 quae
702 2670 823 2728 modum
833 2670 988 2747 potestatis
1004 2672 1171 2731 Consularis
1183 2673 1305 2734 definiit.

240 2754 356 2811 Auctor
369 2753 412 2811 rei
427 2765 472 2813 est
486 2753 607 2814 Tacitus
621 2756 658 2811 A.
675 2755 721 2819 ll,
736 2752 786 2809 22.
830 2748 988 2817 Quaestores
1010 2749 1133 2827 Regibus
1150 2753 1306 2814 etiamtum

183 2853 185 2858 ’
237 2833 440 2911 imperantibus
458 2833 580 2893 instituti
592 2840 673 2903 sunt‚·
695 2828 773 2910 quod
782 2826 828 2887 len
841 2828 949 2887 curiata
969 2830 1097 2898 ostendit,
1111 2829 1146 2888 11
1160 2832 1197 2889 L.
1212 2832 1307 2892 Bruto

235 2909 374 2991 repetitu:
394 2917 550 2991 mansitque
567 2909 735 2972 Consulibus
742 2916 863 2984 potestus
877 2906 1020 2985 deligendi
1033 2918 1090 2969 etc.
1111 2908 1177 2966 Lex
1193 2911 1307 2971 curiata

140 3026 143 3034 ‚
238 2992 319 3051 nulla
332 2992 388 3049 alia
403 3002 456 3061 est,
470 2991 525 3048 nisi
537 2991 588 3049 lex
602 2991 637 3049 de
650 2988 775 3067 imperio
787 2998 817 3043 et
830 2996 976 3063 potestate
997 2986 1121 3062 Regum,
1136 3007 1203 3065 quae
1217 3009 1306 3069 repe·

154 3105 159 3110 .
237 3072 292 3131 sita
306 3073 431 3132 estaL.
449 3072 553 3140 Bruto,
569 3080 602 3127 ut
623 3068 727 3127 eadem
748 3064 830 3123 Coss.
852 3074 982 3142 potestas
1001 3073 1087 3135 esset,
1101 3086 1168 3143 quae
1187 3067 1306 3146 Regum

237 3150 311 3209 fuitz
332 3160 420 3227 atque
442 3151 504 3226 ejus
523 3168 591 3226 pars
610 3146 668 3204 fuit
689 3144 858 3206 Quaestores
878 3161 987 3201 creare.
1029 3142 1134 3222 quue,
1156 3149 1306 3207 sexcentis

238 3229 312 3288 locis
323 3227 423 3287 doceri
434 3239 542 3306 potest,
550 3224 702 3291 mansisse,
715 3232 747 3278 ut
757 3221 850 3279 honos
861 3220 986 3279 comitiis
998 3223 1167 3283 centuriatis
1177 3226 1306 3298 daretur,

238 3308 392 3385 imperium
402 3306 520 3364 curiatis
529 3306 590 3363 sive
598 3304 666 3381 lege
677 3300 809 3359 curiata:
831 3318 927 3377 neque
935 3295 1023 3358 hodie
1034 3301 1139 3361 attinet
1148 3303 1176 3361 id
1187 3305 1304 3375 docere,

239 3398 395 3464 postquam
409 3386 491 3444 loeus
506 3384 544 3441 de
562 3382 629 3459 lege
652 3378 766 3438 curiata
781 3387 825 3435 tot
838 3376 1072 3436 doctissimorum
1091 3380 1240 3441 hominurn
1254 3402 1305 3443 ac·

238 3466 348 3533 curatis
362 3462 609 3542 disputationibus
625 3457 792 3537 explicatus
806 3466 836 3513 et
848 3455 1007 3514 illustratus
1022 3468 1076 3518 est.

279 3610 461 3673 Crediderim
472 3608 571 3685 igitur,
586 3608 622 3665 ab
638 3624 674 3664 1ο
689 3614 832 3683 tempore,
848 3621 906 3681 quo
924 3602 1073 3663 Cassarum
1093 3617 1224 3683 potestas
1238 3627 1304 3667 cer-

237 3700 296 3750 tam
311 3692 434 3749 formam
449 3698 615 3763 acceperat,
631 3686 690 3743 hoc
705 3700 824 3760 quoque
842 3692 989 3739 servatum
1003 3700 1077 3752 esse,
1094 3695 1126 3742 ut
1146 3686 1304 3745 honoribus

238 3770 365 3829 decretis
380 3767 430 3845 qui
444 3765 611 3823 1111111111
623 3765 664 3840 (v.
679 3763 720 3819 H.
735 3765 764 3831 4,
780 3766 808 3821 3.
823 3772 853 3818 11
867 3759 907 3816 ibi
922 3758 1016 3836 dicta)
1035 3762 1216 3842 senatusque
1233 3784 1305 3823 con-

237 3850 316 3909 sulto
328 3860 396 3925 post
408 3846 489 3902 facto
510 3844 547 3901 de
567 3843 690 3921 imperio
710 3841 751 3916 (1.
766 3840 835 3897 ibid.
851 3837 894 3915 6.)
914 3836 1039 3897 Senatus
1058 3840 1211 3901 decretum
1231 3844 1304 3902 dicis

237 3946 341 3986 caussa
350 3924 513 3983 sanciretur
523 3921 588 3999 lege
601 3922 723 3989 curiata,
734 3919 772 3977 ad
783 3938 849 3976 eum
859 3916 989 3985 modum,
1002 3938 1070 3995 quo,
1083 3923 1221 3979 extremis
1234 3923 1305 3980 Rei-

236 4006 363 4083 publicae
376 4001 566 4081 temporibus,
580 4001 701 4078 triginta
713 3997 865 4056 lictoribus
879 4014 932 4073 pro
948 3996 1036 4054 curiis
1054 3997 1192 4077 suffragia
1205 4000 1304 4059 feren-

236 4084 322 4141 tibus.
364 4082 451 4151 Nam,
469 4081 492 4139 si
512 4080 541 4136 in
561 4078 767 4159 adoptionibus
787 4074 892 4133 mansit
912 4074 961 4132 lex
982 4075 1103 4144 curiata,
1120 4089 1152 4136 ut
1166 4098 1203 4137 ex
1219 4082 1259 4139 H.
1276 4086 1303 4149 l,

239 4162 283 4222 15.
296 4172 387 4239 patet,
423 4158 504 4219 uidni
525 4158 614 4217 etiarn
632 4159 771 4215 manserit
791 4155 821 4211 in
840 4153 962 4231 imperio
977 4155 1156 4215 tribuendo?
1197 4158 1304 4237 Neque

236 4239 330 4309 obest,
346 4182 425 4317 quod
439 4259 485 4317 ap.
500 4237 637 4295 Tacitum
652 4238 692 4294 H.
706 4241 737 4307 4,
752 4240 780 4294 6.
794 4232 914 4309 aliisque
928 4232 1000 4290 locis
1019 4234 1100 4292 nulla
1119 4239 1182 4313 ejus
1196 4236 1305 4297 diserta

235 4318 347 4377 mentio
367 4329 458 4375 extat.
500 4315 576 4375 Satis
598 4324 724 4382 constat,
739 4311 816 4391 apud
839 4312 996 4387 scriptores
1017 4323 1132 4371 veteres
1153 4314 1183 4372 in
1204 4318 1302 4385 rebus,

235 4398 340 4477 quibus
356 4396 466 4455 SCtum
481 4406 511 4453 et
524 4392 573 4453 lex
588 4394 768 4464 intercessit,
782 4403 880 4450 tamen
893 4408 958 4449 raro
969 4401 1136 4469 utrumque,
1149 4394 1201 4452 sed
1215 4395 1304 4454 modo
