3034 4967
577 543 748 628 JUSTI
781 545 960 630 LIPSll

640 745 893 814 nxcunsos

746 924 784 960 ΑΒ

494 1049 1032 1144 ANNALIUM

686 1249 766 1310 LlB.
788 1249 840 1307 lV.

663 1571 754 1630 CAP.
775 1572 872 1630 XLII.

270 1732 404 1792 Bonum
418 1732 495 1808 lege,
506 1743 639 1790 matrona
652 1730 788 1790 adulterii
802 1751 863 1805 rea,
873 1734 977 1792 marito
991 1735 1132 1813 permissa
1145 1738 1300 1814 cognatis-

229 1831 297 1890 que.
338 1812 374 1882 li,
386 1811 428 1869 uti
443 1811 546 1881 visam,
558 1810 732 1878 multabant,
766 1812 916 1871 uniebant.
957 1813 1019 1872 Sed
1033 1826 1171 1872 utrumne
1185 1817 1299 1875 morte?

229 1889 316 1960 Puto,
331 1889 498 1950 verecunde
513 1890 720 1947 contravirum
734 1831 864 1961 dbctum,
880 1891 1006 1950 licuisse.
1045 1896 1093 1953 Ex
1108 1893 1253 1972 Dionysio
1266 1901 1294 1965 2,

227 1974 276 2030 95.
290 1971 339 2047 qui
354 1970 421 2047 lege
436 1968 531 2046 Regia
543 1968 678 2026 maritum
694 1969 847 2028 coustituit
858 1971 948 2054 arripior
967 1970 1015 2032 rori
1022 1971 1163 2051 μεγέθους
1183 1972 1232 2048 τῆς
1253 1991 1296 2032 rr-

228 2046 344 2133 μωρίας,
355 2049 492 2107 arbitrum
510 2047 714 2122 magnitudinis
728 2069 836 2128 poence.
860 2049 907 2106 Ex
922 2053 989 2126 jure
1003 2051 1083 2128 ipso;
1100 2053 1169 2129 quia
1181 2052 1299 2124 mulier,

229 2147 296 2204 quae
308 2132 395 2205 juxta
409 2137 536 2185 sacratas
553 2126 666 2184 Romuli
682 2126 764 2202 leges
778 2138 878 2204 nupta,
890 2127 932 2186 ita
941 2129 970 2185 in
982 2148 1070 2186 manu
1081 2131 1145 2199 viri,
1157 2142 1189 2188 ut
1199 2132 1296 2208 proles

228 2207 257 2264 in
276 2207 375 2284 patris.
416 2205 464 2264 Ex
483 2205 589 2264 Tacito
607 2207 644 2262 A.
663 2209 710 2275 13,
725 2209 774 2264 32.
795 2207 873 2283 apud
888 2226 976 2298 quem
991 2207 1131 2278 Plautius,
1140 2210 1237 2289 prisco
1252 2211 1296 2269 in-

227 2287 336 2356 stituto,
355 2285 391 2342 de
410 2285 502 2364 capite
508 2285 653 2362 famaque
670 2285 805 2364 conjugis,
822 2306 924 2368 propin
945 2287 988 2345 uis
1006 2307 1110 2355 coram,
1129 2291 1256 2368 cognouit
1269 2299 1298 2348 et

227 2365 363 2426 insontem
378 2363 523 2422 nuntiavit.
565 2365 624 2432 Ait,
640 2364 885 2446 capitefumaqne.
927 2365 957 2423 si
971 2366 1000 2422 in
1014 2367 1228 2444 superstitionis
1239 2369 1294 2425 cri·

227 2444 303 2501 mine
326 2443 429 2502 marito
450 2443 480 2500 id
498 2442 580 2521 juris,
601 2441 690 2502 credo
709 2444 787 2500 etin
806 2443 950 2504 adulterii.
991 2446 1025 2503 Iu
1041 2464 1100 2516 eas,
1116 2465 1181 2522 quae
1204 2447 1295 2504 sacris

226 2522 456 2581 Bacchanalium
467 2521 581 2579 incestu
593 2541 662 2588 usae,
675 2521 793 2598 cognati
803 2522 958 2599 maritique
968 2521 1045 2581 intra
1054 2524 1155 2582 domos
1164 2525 1294 2584 animad-

226 2613 391 2671 verterunt,
411 2601 494 2658 aiunt
514 2600 616 2659 Livius
637 2605 686 2664 39,
708 2604 755 2658 18.
776 2611 807 2657 et
825 2601 960 2660 Valerius
974 2605 1004 2671 6,
1018 2607 1047 2672 3,
1061 2604 1089 2664 7.
1103 2623 1160 2661 nec
1181 2604 1295 2674 dubito,

226 2679 296 2757 quin
316 2699 351 2738 ea
370 2679 580 2740 animadversio
599 2678 637 2735 ad
656 2691 745 2756 caput
767 2679 950 2754 pertinuerit.
990 2681 1130 2760 Denique
1150 2681 1295 2758 Egnatius

227 2757 369 2836 quispiam
387 2779 522 2828 uxorem,
539 2757 618 2840 quod
637 2757 734 2814 vinum
753 2757 884 2827 bibisset,
899 2759 969 2818 fusti
982 2760 1139 2818 interemit.
1153 2781 1179 2819 v.
1195 2761 1294 2822 Valer.

223 2843 255 2909 6,
263 2843 291 2907 3,
304 2841 332 2898 9.
346 2838 434 2918 idque
445 2838 556 2896 factum
567 2855 625 2894 non
634 2837 722 2894 modo
731 2851 913 2906 accusatore,
922 2839 975 2896 sed
985 2838 1071 2897 etiam
1081 2839 1292 2916 reprehensore

224 2916 337 2984 caruit:
359 2917 458 2996 quidni
470 2913 543 2989 juris
558 2916 587 2973 in
600 2916 724 2994 graviori
740 2916 828 2995 culpa
840 2917 898 2976 sit?
920 2919 1133 2995 Argumentum
1148 2919 1292 2978 aCatoue

222 3000 288 3058 nnn'
296 3007 404 3075 petam,
420 2995 469 3074 qni
484 2995 541 3053 ait:
568 2997 599 3052 ln
615 2993 753 3054 adulteria
768 3015 881 3054 uxorem
895 3009 972 3055 tuam
985 2998 1010 3056 si
1017 2995 1225 3076 prehendisset,
1240 2997 1292 3055 im·

218 3097 296 3153 pune
313 3096 435 3136 necares.
477 3075 592 3132 Vanum
613 3077 702 3144 enim,
718 3087 748 3133 et
767 3076 915 3154 pertinere
933 3086 1045 3134 tautum
1061 3074 1176 3132 videtur
1189 3075 1228 3132 ad
1242 3075 1294 3134 de·

222 3155 405 3236 prehensam.
447 3153 559 3215 Tamen
580 3153 636 3213 hoc
655 3154 769 3213 fateor:
796 3173 832 3212 eo
853 3173 955 3212 severo
976 3158 1043 3232 jure
1062 3172 1204 3231 perquam
1225 3174 1290 3214 raro

223 3235 342 3295 maritos
361 3253 446 3300 usos:
468 3234 657 3310 moribusque
675 3245 828 3310 receptum
847 3233 972 3302 videtur,
987 3244 1021 3292 ut
1034 3233 1198 3292 adulteram
1212 3233 1291 3311 apud

222 3323 365 3392 cognatos
387 3312 551 3372 convictam
570 3311 657 3368 domo
677 3311 780 3370 saltem
800 3311 964 3388 exigerent,
979 3312 1197 3388 multarentque
1212 3313 1289 3375 dote.

222 3390 256 3448 Id
264 3393 313 3468 jus
328 3392 402 3464 (sive
414 3411 475 3450 mos
485 3391 553 3467 fuit)
567 3388 687 3448 Plautus
698 3390 808 3448 indicat
818 3391 1034 3467 Amphitruone
1044 3395 1073 3459 2,
1084 3395 1114 3460 2,
1123 3396 1191 3451 219.
1215 3392 1291 3468 Quid

220 3470 246 3530 si
265 3470 376 3529 adduco
396 3484 473 3528 tunm
492 3481 642 3547 cognatum
660 3471 715 3528 huc
728 3490 745 3526 a
758 3470 824 3527 naci
839 3471 1024 3537 Naucratem,
1040 3469 1100 3533 Qui
1112 3491 1219 3528 mecum
1233 3492 1289 3528 una

220 3551 337 3609 uecta'st
355 3570 412 3608 una
432 3549 498 3610 naui
508 3572 519 3607 .·
542 3557 625 3626 atquc
645 3547 668 3605 is
688 3548 713 3606 si
732 3547 853 3627 denegat
869 3551 972 3618 Facta,
988 3569 1052 3630 quar
1064 3557 1097 3606 tu
1106 3552 1194 3627 facta
1208 3549 1289 3619 dicis,

220 3631 289 3712 quid
306 3629 359 3688 titt
378 3650 489 3706 aequum
510 3637 550 3686 est
607 3627 657 3684 rit
698 3627 848 3708 Numquid
864 3648 989 3686 caussam
1008 3627 1091 3699 dicis,
1107 3629 1175 3704 quin
1189 3627 1289 3687 dehac

220 3712 333 3772 multem
347 3707 547 3766 matrimonia?
579 3717 607 3764 *t
621 3707 780 3785 respondet
794 3706 910 3774 mulier,
927 3708 961 3765 Si
972 3705 1088 3784 deliqui,
1099 3705 1178 3764 nulia
1190 3728 1290 3765 caussa

219 3799 268 3848 est.
311 3788 351 3845 Et
373 3787 452 3845 clare
475 3785 609 3843 Valerius
631 3789 660 3853 8,
682 3790 711 3853 2,
731 3789 761 3844 b.
796 3785 865 3843 Cum
888 3784 920 3845 C.
938 3785 1059 3845 Titinius
1080 3785 1288 3844 Minturnensis

219 3867 362 3926 Fanniam
378 3885 499 3934 acorem,
511 3886 592 3946 quam
604 3864 771 3948 impudicam
785 3864 820 3922 de
834 3864 972 3926 industria
987 3865 1117 3932 dancrat,
1128 3885 1159 3923 ea
1172 3865 1289 3923 crimine

217 3946 397 4028 repudiatam
417 3944 539 4026 spoliare
559 3945 622 4002 dote
642 3957 799 4003 conaretur.
840 3943 955 4002 Portius
968 3944 1068 4011 Latro,
1085 3955 1188 4001 contra
1202 3944 1288 4000 adul-

217 4035 310 4086 teram
321 4026 400 4102 apud
413 4027 482 4084 Seu.
493 4025 593 4084 Contr.
605 4028 651 4084 15.
686 4021 904 4099 Illudjudices,
916 4023 984 4080 milri
993 4032 1130 4081 tormento
1140 4029 1191 4087 ert,
1202 4024 1286 4098 quod,

214 4111 314 4163 notata
324 4105 434 4182 judicia
451 4125 527 4173 cero,
546 4112 577 4161 ut
595 4101 811 4182 multiplicatam
828 4101 919 4159 datam
935 4103 1053 4179 perdat,
1063 4099 1131 4179 pius
1143 4108 1236 4158 tamen
1251 4122 1285 4159 en

215 4191 323 4266 quartu
333 4182 415 4244 habet
425 4209 435 4241 .·
445 4181 511 4260 pius
521 4181 653 4244 habitura
666 4190 715 4250 cst,
726 4201 811 4262 quam
822 4191 956 4261 quantam
965 4179 1285 4256 damnataeperdendum

215 4269 266 4325 est.
309 4260 384 4322 Haec
398 4261 557 4338 antiquitus
571 4259 730 4316 obtinuisse
745 4259 895 4333 videntur:
910 4259 1015 4338 quibus
1029 4257 1125 4324 addo;
1146 4255 1177 4314 Si
1191 4258 1287 4316 mariti

214 4339 393 4418 cognatique
408 4338 639 4408 dissimulabant,
651 4349 714 4407 aut,
726 4349 758 4396 ut
770 4338 844 4396 Livii
855 4339 950 4396 verbis
962 4351 1038 4406 utar,
1050 4337 1174 4395 idoneus
1184 4336 1213 4393 iu
1224 4337 1286 4414 pri-

214 4431 283 4484 vato
296 4417 432 4501 supplicii
446 4428 568 4476 exactor
582 4437 668 4476 nemo
687 4430 760 4486 erat,
774 4437 833 4476 non
849 4437 924 4488 raro,
939 4417 1060 4497 publico
1077 4415 1201 4494 judicio,
1215 4433 1284 4496 per-
