3034 4967
592 410 755 493 JUSTI
786 409 964 493 LIPSII

649 594 906 661 uxcunsus

757 774 796 811 AD

504 922 1044 1023 ANNALIUM

690 1142 770 1199 LlB.
792 1143 857 1200 XV.

636 1336 912 1350 Ἣ

752 1479 792 1535 A.

678 1635 770 1694 CAP.
790 1635 869 1696 XLI.

276 1795 390 1855 Canna
405 1792 591 1872 investigatio
602 1791 666 1869 ejus
680 1791 739 1851 diei
753 1794 867 1853 aclade
877 1793 1011 1854 Aliensi*
1027 1794 1092 1875 capi
1106 1807 1205 1875 potest
1215 1808 1246 1857 et
1256 1798 1307 1856 de-

234 1874 297 1945 bet,
309 1893 396 1952 quam
408 1884 521 1932 certum
533 1881 579 1929 est
589 1873 766 1930 anteriorem
775 1872 866 1932 fuisse
876 1884 907 1932 et
916 1872 998 1933 fastis
1008 1875 1159 1953 perpetuis
1169 1876 1307 1935 traditam

235 1952 440 2031 assignatam:
464 1952 591 2029 ideoque
606 1962 637 2009 et
649 1951 740 2029 vulgo
758 1963 867 2010 notam.
909 1952 1016 2013 Cicero
1030 1954 1068 2012 ad
1083 1954 1219 2013 Atticum
1235 1960 1263 2025 9,
1277 1960 1307 2015 5.

234 2032 366 2113 Maj0ros
387 2032 478 2091 nostri
490 2032 682 2109 funestiorem
706 2031 779 2091 diem
800 2052 858 2092 esse
877 2031 1026 2091 uoluerunt
1043 2032 1169 2093 Aliensis
1184 2054 1305 2113 pugnae,

233 2131 317 2191 quam
335 2112 411 2171 urbis
426 2120 525 2193 capta,
545 2111 622 2187 quod
633 2110 683 2168 boo
697 2113 802 2168 malum
820 2131 857 2169 ea
875 2110 943 2170 illo:
965 2111 1060 2203 itaque
1073 2110 1147 2171 alter
1159 2113 1213 2171 reli
1236 2114 1307 2173 'osus

232 2190 394 2249 etiamnunc
407 2191 475 2260 dies,
490 2192 565 2248 ulter
578 2189 607 2248 r'n
622 2188 722 2280 uulgus
735 2190 899 2267 ignotue†..
915 2190 989 2254 Quis
1003 2190 1094 2268 igitur
1107 2190 1180 2250 ille?
1203 2132 1304 2254 fiivius

232 2288 272 2326 ex
286 2270 420 2347 professo
434 2268 524 2327 tradit
537 2273 567 2339 6,
583 2271 611 2326 l.
630 2269 719 2327 Duem
734 2289 760 2329 a.
775 2269 802 2325 d.
815 2268 849 2327 X
854 2266 957 2329 VKal.
972 2269 1093 2329 Sextiles
1107 2268 1214 2353 duplici
1225 2269 1306 2332 clade

232 2348 383 2439 insignem,
397 2369 451 2426 quo
464 2346 558 2406 dicad
572 2346 731 2407 Cremeram
743 2346 829 2406 Fabii
841 2346 917 2417 cesi,
930 2369 984 2427 quo
995 2348 1060 2409 dein
1075 2350 1114 2409 ad
1123 2348 1227 2419 Aliam,
1243 2370 1305 2408 oum

230 2428 317 2486 exitio
330 2427 415 2497 urbis,
429 2426 514 2519 sude
522 2435 689 2507 pugnaturn.
730 2426 843 2487 Eadem
857 2426 955 2487 Taciti
976 2428 1067 2487 nostri
1082 2428 1204 2487 assertio
1219 2430 1258 2489 H.
1272 2431 1303 2499 2,

229 2506 456 2568 91.devite1110
470 2525 571 2644 niuem
584 2506 674 2565 tradit
708 2515 804 2565 unesto
819 2506 985 2566 omine...de
997 2508 1166 2568 caerimoniis
1182 2507 1305 2589 publicis

231 2586 352 2645 ediaisse
366 2551 470 2643 XVK’
502 2631 509 2645 .
523 2584 661 2665 Augusti,
675 2586 721 2644 die
733 2586 890 2664 antiquitus
911 2586 1032 2667 infausto
1049 2587 1222 2648 Cremerensi
1235 2584 1302 2645 Ali-

229 2666 343 2743 ensique
361 2664 493 2725 cladibus.
535 2663 616 2743 Ergo
635 2682 737 2723 eorum
754 2675 854 2723 mente
871 2684 980 2745 pugnae
998 2666 1056 2725 illae
1075 2666 1155 2735 dies3
1176 2684 1303 2746 sequens

227 2751 330 2803 'autem
349 2743 429 2801 urbis
450 2754 546 2822 captae
564 2753 595 2801 et
613 2742 757 2803 incensae:
780 2742 861 2822 quad
874 2743 985 2802 Livius.
996 2744 1075 2804 idem
1097 2746 1187 2809 tradit
1205 2750 1235 2814 5,
1254 2749 1303 2807 41.

230 2822 367 2903 Ingressi‚
382 2822 488 2901 inquit,
498 2831 615 2900 postero
630 2821 674 2881 die
686 2822 783 2881 urbem
790 2846 803 2892 ,·
821 2832 941 2901 patente
957 2822 1070 2884 Collina
1086 2832 1183 2903 porta.
1223 2822 1302 2884 Haec

229 2902 254 2959 si
277 2904 318 2960 ita
337 2920 416 2972 vera,
444 2900 509 2980 quis
532 2921 592 2960 non
615 2900 695 2958 videt
715 2900 790 2959 XIV
809 2901 937 2961 Kalend.
954 2902 1050 2981 ipsum
1074 2902 1202 2962 incendii
1223 2904 1303 2961 diem

228 2978 336 3050 fuisse3
350 2992 381 3039 et
390 2990 473 3039 recte
483 2979 575 3058 igitur
587 2979 636 3039 hic
650 2980 693 3038 ita
701 2979 731 3037 in
744 2979 852 3039 Tacito
862 2980 1027 3059 scriptum?
1063 2982 1107 3039 At
1117 2981 1166 3039 alii
1176 2980 1303 3041 fortasse

229 3059 415 3119 dissentiunt.
443 3058 588 3118 Minime:
609 3059 669 3118 imo
682 3059 819 3137 Agellius
833 3078 851 3118 e
865 3058 970 3118 Verrio
984 3060 1091 3120 Flacco
1105 3059 1195 3119 refert
1209 3064 1238 3129 5,
1255 3062 1302 3125 17.

170 3196 175 3202 .
230 3160 298 3198 cum
320 3158 454 3198 caussam
473 3138 657 3217 quaeritent
671 3136 734 3195 dies
755 3137 939 3215 postriduani
960 3138 1015 3198 atri
1030 3139 1170 3198 Romanis
1190 3138 1301 3207 habiti;

228 3218 330 3287 refert,
352 3218 480 3295 inquam,
509 3219 545 3295 Q.
566 3215 719 3297 Sulpicium
747 3216 903 3276 Tribunum
924 3217 1053 3287 militum,
1074 3219 1114 3277 ad
1132 3217 1227 3277 Aliam
1248 3220 1301 3277 ad·

228 3318 323 3355 uersus
338 3296 438 3355 Gallos
451 3305 658 3378 pugnaturum,
672 3317 732 3355 rem
745 3294 871 3354 diuinam
889 3296 1040 3356 dimicandi
1053 3298 1152 3376 gratia
1162 3298 1302 3374 postridie

228 3376 298 3434 Idus
312 3375 444 3453 fecium
473 3384 584 3453 etpost
604 3374 675 3433 diem
696 3374 808 3433 tertium
830 3374 892 3453 ήκω
912 3374 968 3435 diei
986 3375 1082 3435 urbem
1103 3397 1121 3435 a
1142 3375 1235 3436 Gallis
1255 3397 1300 3437 oc-

226 3468 360 3532 cupatam
378 3476 446 3513 esse.
484 3454 599 3520 Quibus
613 3452 710 3512 verbis
730 3454 754 3510 si
775 3454 839 3512 haec
858 3454 1002 3513 sententia
1024 3464 1079 3526 est,
1099 3468 1132 3515 ut
1144 3456 1225 3525 velit,
1240 3466 1300 3514 tres

228 3534 292 3593 dies
315 3533 438 3603 medios,
460 3546 491 3590 et
511 3543 616 3611 quarto
638 3532 757 3590 demum
777 3543 950 3611 pugnatum,
971 3534 1194 3612 profectusum
1214 3534 1300 3595 Livio

227 3614 317 3672 sentit
331 3632 367 3671 ac
381 3611 502 3681 Tacito,
516 3624 546 3671 et
559 3631 668 3690 pugnae
682 3611 747 3669 dies
764 3611 820 3669 erit
833 3610 1084 3693 Decimusquintus
1100 3614 1299 3674 Calendarum.

228 3690 303 3751 Esse
322 3702 431 3759 autem,
453 3709 492 3748 ex
514 3690 579 3768 ipso
598 3690 680 3749 Livio
700 3689 822 3759 dixeris,
840 3690 871 3748 in
889 3711 949 3770 quo
967 3691 1078 3771 pariter
1095 3693 1138 3751 ita
1157 3692 1299 3771 scriptum

227 3774 256 3839 6,
278 3778 321 3829 1.’
345 3770 429 3837 Quod
445 3769 585 3850 postridie
605 3769 676 3828 Idus
693 3767 831 3846 Quintiles
852 3790 907 3831 non
928 3770 1035 3830 litasset
1054 3770 1301 3852 Sulpicius-...et

223 3860 290 3927 post
314 3850 385 3908 diem
409 3848 522 3907 tertium
545 3849 668 3927 objectus
695 3848 768 3907 bosti
793 3850 934 3907 euercitus
957 3850 1105 3912 Romanus
1129 3859 1208 3910 esset.
1249 3854 1299 3920 At,

227 3928 251 3984 si
272 3930 338 4006 quis
359 3928 444 3987 aliter
463 3927 591 3997 erretis,
608 3936 676 4008 past
696 3926 771 3985 diem
789 3927 904 3985 tertium
924 3926 1089 4006 significare
1107 3930 1203 4007 ipsum
1222 3928 1300 3988 diem

227 4009 364 4074 tertium
390 4018 453 4065 turn
478 4017 560 4065 certe
578 4006 683 4076 fateor,
701 4005 735 4061 X
739 4006 783 4062 VI
800 4004 947 4065 Kalendas
970 4006 1048 4066 diem
1072 4028 1181 4088 pugnae
1199 4006 1299 4079 fuisse,

260 4166 275 4193 ⁵
292 4166 368 4214 araci
385 4166 460 4213 Ἀλίαν
478 4166 577 4226 ποταμὸν
594 4171 684 4211 vocant.
718 4164 812 4213 Servius
829 4164 859 4213 ad
875 4164 944 4229 Virg.
959 4164 1017 4213 AEn.
1033 4165 1057 4221 7,
1076 4162 1132 4229 717.
1165 4166 1228 4215 Sane
1244 4166 1302 4214 Alia

224 4233 325 4289 duitor,
342 4233 382 4277 cut
393 4237 493 4293 propter
505 4230 577 4277 metri
591 4229 752 4277 necessitatem
766 4244 842 4276 unum
857 4244 874 4278 1.
890 4231 990 4286 addidit,
1006 4235 1034 4279 ut
1044 4226 1112 4279 Allia
1129 4228 1223 4287 diruet,
1240 4232 1301 4279 sicut

226 4295 345 4360 relliquias
355 4301 378 4341 at
388 4294 505 4358 rdiquias.

257 4364 273 4425 ⁴5
294 4362 357 4416 Quia
367 4359 420 4406 scil.
429 4374 476 4407 uon
486 4361 633 4415 armabatur,
644 4365 686 4406 aut
697 4360 865 4407 secernebatur.
