3034 4967
101 180 108 191 ’
148 274 150 279 .
248 228 288 285 as
472 214 600 293 amn
620 223 751 283 aomo
774 223 880 283 vrrs.
900 215 989 339 coa
1008 227 1056 288 u.

253 406 325 451 rum
339 386 515 472 superbiam
533 387 650 451 frustra
667 407 724 472 per
741 384 927 472 obsequium
945 397 978 449 et
993 383 1176 449 modestiam
1189 382 1307 468 efflige-

253 471 307 534 ris.
348 471 503 557 Raptorss
522 470 617 549 orbis,
640 481 807 557 postquam
832 483 944 553 cuncta
962 469 1156 533 vastantibus
1179 466 1311 531 defuere

251 570 357 631 ‘terrea
376 566 408 618 et
428 578 514 619 mare
535 567 730 619 scrutantur:
754 555 780 619 si
798 554 935 641 locuples
956 555 1053 622 bostis
1073 552 1256 626 est‚avari;
1280 551 1306 614 si

255 662 385 727 pauper,
401 640 571 722 ambitiosi:
588 656 667 725 quos
681 660 743 703 non
755 640 877 717 Oriens,
887 660 949 703 non
961 639 1125 711 Occidens,
1140 636 1304 701 satiaverit.

257 724 322 789 Soli
335 724 474 788 omnium
488 747 563 811 opes
583 740 678 810 atque
699 723 835 871 inopiam
849 724 918 810 pari
935 723 1060 788 adfectu
1074 722 1307 807 concupiscunt.

257 810 404 887 Auferre,
426 810 593 887 trucidare,
615 831 723 896 rapere
758 808 829 872 slsis
846 808 1035 885 nominibus,
1049 808 1237 894 imperitam
1261 817 1308 869 at-

256 912 328 979 que,
345 894 399 958 ubi
414 893 612 958 solitudinem
624 890 754 971 faciunt,
764 914 874 980 pacem
888 892 1054 979 adpellant.

299 979 437 1043 XXXI.
453 978 616 1042 “Liberos
630 979 680 1041 cui
704 1000 744 1041 ue
757 1000 794 1041 ac
806 1000 865 1064 pro
886 977 999 1063 inquos
1006 998 1079 1041 suos
1092 989 1204 1040 natura
1214 974 1308 1039 caris-

256 1062 348 1127 simos
361 1088 426 1128 esse
439 1062 555 1127 voluit:
580 1062 612 1125 hi
626 1002 839 1147 peristereos,
850 1002 924 1126 alibi
934 1062 1088 1140 servituri,
1102 1060 1306 1124 auferuntur:

255 1150 406 1235 conjuges
414 1170 604 1233 sororesque,
618 1148 675 1210 etsi
686 1146 827 1211 hostilem
837 1146 996 1212 libidinem
1008 1146 1170 1231 effugiant,
1184 1144 1308 1207 nomine

255 1236 428 1297 amicorum
450 1246 546 1317 atque
564 1232 719 1318 bospitnm
741 1230 936 1318 polluuntur.
994 1234 1085 1295 Boua
1104 1232 1309 1314 fortunasque

256 1318 289 1381 in
318 1318 470 1381 tributum
498 1331 646 1403 egerunt,
682 1316 714 1379 in
744 1337 898 1380 annonam
933 1318 1144 1381 frumentum:
1160 1334 1309 1415 corpora

257 1403 325 1488 ipsa
339 1426 374 1467 ao
388 1420 509 1480 manus,
525 1399 608 1465 silvis
622 1425 658 1465 ac
678 1400 847 1487 paludibus
859 1401 1063 1479 emuniendis,
1078 1400 1206 1464 verbera
1227 1410 1308 1461 mter

257 1506 293 1550 ao
318 1485 530 1563 contumelias,
553 1498 725 1550 conterunt.
771 1487 859 1551 Nata
880 1482 1021 1550 servituti
1041 1485 1196 1570 mancipia
1210 1481 1310 1546 semel

257 1585 404 1649 veneunt,
419 1584 513 1670 atque
524 1570 782 1635 ultroadominis
793 1571 937 1636 aluntur:
961 1570 1124 1633 Britannia
1131 1568 1311 1632 servitutem

260 1680 346 1721 suam
359 1656 498 1741 quotidie
511 1656 596 1736 emit,
612 1656 752 1742 quotidie
766 1656 877 1742 pascit.
921 1658 980 1731 Ac,
996 1655 1075 1719 sicut
1087 1654 1121 1717 in
1133 1651 1252 1715 familia
1264 1674 1312 1714 re-

259 1741 451 1805 centissimus
466 1742 599 1828 quisque
621 1762 780 1805 servorum
799 1753 830 1803 et
844 1740 997 1805 conservis
1018 1736 1155 1803 ludibrio
1168 1749 1231 1811 est;
1256 1736 1311 1812 sier

259 1826 291 1889 in
305 1826 364 1888 hoc
378 1826 462 1890 orbis
476 1834 628 1889 terrarum
639 1838 742 1889 vetere
756 1824 920 1901 famulatu,
934 1825 1009 1888 novi
1022 1846 1079 1887 nos
1087 1837 1119 1887 et
1127 1822 1203 1885 viles
1215 1820 1248 1883 in
1257 1833 1313 1883 ex·'

259 1910 376 1975 cidium
390 1912 536 1997 petimur.
580 1912 693 1996 Neque
707 1909 789 1973 enim
811 1931 886 1994 arva
906 1910 1006 1988 nobis,
1025 1920 1082 1973 aut
1100 1905 1233 1982 metalla,
1256 1918 1313 1968 aut
1352 1947 1356 1951 -

301 2011 369 2059 rtus
383 2008 464 2072 sunt,
480 1994 595 2081 quibus
609 1994 787 2057 exercendis
801 2016 1000 2057 reservemur.
1045 1992 1154 2056 Virtus
1169 2013 1264 2077 porro
1275 2013 1314 2053 ac
1398 2013 1400 2016 ·

259 2018 373 2144 liioeia
387 2080 598 2165 subjectorum
611 2078 734 2162 ingrata
747 2075 990 2161 imperantibus3
1012 2090 1044 2140 et
1057 2075 1268 2160 longinquitas
1276 2096 1313 2137 ac

261 2178 409 2229 secretum
432 2164 535 2308 ipsum
550 2184 614 2246 quo
636 2160 745 2238 tutius,
760 2167 798 2223 eo
819 2160 1000 2246 suspectius.
1043 2160 1103 2237 Ita,
1125 2159 1247 2223 sublata
1261 2158 1315 2243 spe

261 2248 367 2321 veniae,
384 2260 435 2309 tan
459 2268 509 2309 em
523 2244 635 2309 sumite
649 2244 799 2321 animum,
814 2258 877 2307 tam
891 2244 1007 2330 quibus
1028 2244 1121 2323 salus,
1135 2266 1230 2329 quam
1245 2242 1314 2329 qui·

259 2332 320 2395 bus
333 2330 442 2417 gloria,
453 2329 609 2394 carissima
623 2340 678 2393 est.
711 2329 934 2407 Trinobantes,
948 2330 1064 2395 femina
1072 2331 1175 2408 Duce,
1185 2350 1314 2392 exurere

290 2504 359 2549 Bona
368 2502 531 2563 fortunasque
543 2504 569 2549 ia
585 2503 700 2549 tributum
716 2516 768 2565 ege·
801 2516 842 2548 aes
852 2504 936 2563 quippe
946 2498 1041 2562 captivi,
1052 2516 1106 2548 eam
1120 2501 1190 2548 serael
1204 2499 1317 2559 redempti

259 2564 328 2627 rarat]
346 2566 394 2613 Hic
403 2567 467 2614 loeus
478 2566 510 2613 sie
520 2574 673 2614 estcorreetus
680 2581 695 2612 a
706 2564 771 2613 Rhe·
794 2565 901 2627 suerint,
913 2566 1017 2613 libertate
1023 2568 1165 2627 potiuntur:
1177 2578 1218 2611 uos
1228 2576 1317 2623 semper

262 2643 330 2677 nano.
363 2630 427 2677 Ante
440 2628 588 2677 eret'inedd.
606 2630 662 2677 iana
671 2631 775 2691 sortitas
804 2630 952 2689 redimimur,
970 2636 993 2677 et
1009 2644 1129 2692 anaqam
1144 2630 1210 2675 liberi
1228 2641 1319 2674 mmm.

262 2708 312 2755 quae
323 2695 347 2740 ia
359 2696 474 2741 tributum
487 2699 571 2755 agerat
585 2708 667 2753 mous,
680 2695 706 2740 io
713 2693 776 2755 fras-
803 2692 878 2741 lars.

262 2758 379 2803 meirtum:
389 2770 484 2819 corpora
492 2759 542 2819 ipsa
550 2758 740 2804 aemaoassilois
748 2772 776 2803 ao
838 2757 945 2813 Quotidie
952 2760 1017 2814 emit,
1025 2774 1046 2820 q.
1053 2760 1143 2822 poscit]
1158 2754 1234 2811 Emit,
1244 2754 1318 2801 tribu·

258 2811 385 2882 pdlodibus
396 2823 489 2867 verbera
496 2822 640 2868 emuniendis
648 2822 710 2868 inter
721 2838 743 2867 a.
755 2836 776 2867 c.
804 2820 834 2869 tis
841 2821 967 2884 pandendis
973 2838 983 2880 ;
998 2822 1079 2883 pascit,
1088 2821 1205 2869 frumettto
1212 2820 1320 2881 prebent

262 2896 281 2930 e.
304 2884 480 2947 corruptissime.
524 2884 576 2931 Nec
600 2885 678 2933 minus
699 2884 776 2932 vitiosi
804 2884 842 2933 do.
858 2887 931 2933 Eun.

262 2958 317 2995 sunt
327 2948 379 2997 libri
390 2948 476 3011 scripti.
515 2947 556 2995 Au
567 2948 600 2997 sic
610 2948 697 2997 dederit
707 2948 776 2995 Tesi-
838 2944 1318 3011 Receaeammquaqaeemorumnm
1394 2978 1397 2984 -

264 3011 659 3069 mantuaneediturmsmodicat.
693 3014 776 3060 Aaro-
805 3028 852 3076 que
861 3015 918 3061 servi
929 3012 1063 3059 recentiores
1073 3011 1155 3058 nonin
1171 3024 1319 3074 magnopra-

155 3114 161 3125 .
263 3092 317 3123 nam
330 3076 457 3123 Rhenanus
472 3076 602 3124 sinedubio
617 3076 676 3139 cepit
689 3076 718 3124 de
734 3091 777 3123 aa·
792 3076 845 3125 ,tio
879 3075 1002 3125 Suetonius
1010 3074 1076 3122 aliter
1085 3074 1209 3136 prafertin
1220 3074 1318 3121 Julioo

224 3148 226 3152 ’
264 3140 442 3215 nona-militari,
461 3154 519 3224 qua·
531 3149 569 3214 est
589 3155 642 3203 pars
659 3140 777 3215 stipendii.
792 3144 845 3205 ¹47.
864 3142 968 3188 Seruitia
979 3140 1106 3186 semitiora
1110 3139 1266 3200 politioraque
1272 3140 1318 3211 im·

246 3263 249 3268 Ι
264 3202 310 3251 Sed
329 3216 444 3250 aaaorram
465 3204 539 3251 Paesti
558 3212 660 3267 tempore
673 3205 723 3264 jam
745 3216 778 3251 src
805 3217 883 3252 menso
888 3206 968 3266 pretio
978 3212 1121 3263 conparasse
1129 3202 1321 3263 dioitar‚sed1p-

263 3266 357 3325 dietam,
374 3281 419 3314 non
437 3274 519 3329 potest,
536 3275 565 3313 ut
582 3268 671 3329 opinor,
693 3266 778 3315 duceri.
806 3284 859 3316 sum
869 3268 975 3325 emendo,
988 3278 1011 3315 et
1025 3268 1158 3328 interpretes
1168 3274 1226 3313 testu
1237 3266 1319 3322 libero,

178 3356 179 3361 =
263 3332 336 3381 Ean.
369 3329 447 3377 Immo
458 3344 510 3377 vero
518 3330 549 3378 sie
559 3345 630 3391 supra
639 3332 672 3377 A.
686 3332 725 3389 15,
737 3334 777 3381 72.
805 3332 933 3394 scriboque‚
950 3332 1202 3377 servitiadecerstiora.
1229 3328 1320 3377 Frrmst

264 3404 286 3457 et
297 3391 359 3457 apud
370 3392 464 3441 Livium
476 3397 517 3449 26,
527 3396 567 3441 20.
794 3390 898 3461 ,Plinius
908 3395 974 3457 epist.
987 3394 1064 3447 1,2l.'
1080 3393 1153 3441 Credo
1163 3396 1264 3442 decerem
1271 3408 1319 3440 esse

252 3504 253 3509 ,
297 3459 402 3505 Siluiae.
410 3470 437 3518 p.
448 3458 604 3522 emuniendis]
621 3458 637 3505 i.
651 3458 782 3522 eviisper'
806 3459 1077 3521 sernas‚quimilsisant
1086 3461 1158 3521 empti
1169 3459 1320 3505 emsiiietuo.

264 3522 332 3570 silvas
349 3529 371 3567 et
389 3520 485 3585 paludes
501 3521 639 3570 muniendis.
671 3520 778 3571 Verbum
807 3524 882 3572 lars.
1325 3569 1330 3575 .

264 3586 397 3634 Livianum.
418 3585 490 3632 Ena.
839 3587 1080 3650 Aromaatmetailo]
1092 3585 1178 3645 Quid?
1194 3599 1321 3633 nonnean.

271 3658 272 3661 ’
296 3650 422 3709 Mancipia
436 3651 506 3696 terami
521 3652 632 3713 veneant]
650 3649 778 3713 Egregium
806 3660 829 3698 te
845 3652 942 3711 dietum,
957 3667 1044 3699 aemam
1056 3658 1078 3697 et
1089 3658 1214 3711 argentam
1229 3650 1254 3697 in
1265 3650 1322 3697 Bri·

264 3728 317 3761 vero
327 3714 467 3766 membrum,
478 3722 501 3761 et
511 3712 589 3776 qualia
599 3715 674 3761 multa
689 3715 714 3761 in
724 3714 779 3777 pul·
808 3716 886 3763 tannia
901 3717 971 3764 esaei
992 3714 1097 3762 dicturus
1114 3714 1154 3762 sed
1170 3714 1208 3775 hie
1227 3713 1256 3761 de
1272 3728 1321 3761 sese

264 3777 377 3825 eberrimo
389 3790 485 3839 torpore
500 3776 571 3837 hujus
581 3778 704 3835 orationis3
722 3792 778 3841 qua,
808 3779 928 3826 caledonii
951 3780 1080 3842 loquuntur
1101 3786 1125 3825 et
1148 3779 1257 3835 madunt,
1279 3776 1322 3825 ubi

264 3840 357 3900 moriar,
376 3839 396 3887 si
412 3839 469 3903 quid
481 3854 533 3887 meo
549 3853 617 3887 sensu
633 3842 779 3904 prudentius,
807 3850 863 3890 tunc
873 3843 1033 3890 nibilborum.
1065 3842 1275 3889 Amaautemnon
1286 3856 1322 3888 es·

265 3904 379 3962 disertius,
390 3903 495 3967 argutius
506 3912 541 3949 est
556 3904 579 3950 in
591 3906 655 3951 omni
671 3906 779 3953 &mana
801 3918 903 3970 ‘se,oape
912 3905 1043 3954 illaiartilia
1051 3905 1147 3968 etgleba
1155 3907 1232 3952 ubere.
1244 3904 1320 3953 Lles.

264 3967 353 4029 lingua.
386 3967 495 4015 Ceterum
510 3966 565 4015 huic
581 3970 699 4017 sententiae
709 3968 780 4032 plane
808 3967 1109 4017 aeramentorum
1143 3972 1261 4016 Exarsere
1270 3984 1322 4016 ver·

265 4042 367 4093 oompar,
379 4038 402 4077 et
418 4032 482 4079 velut
492 4030 548 4077 hinc
563 4031 652 4087 hausta,
670 4032 711 4080 illa
727 4032 779 4079 Sel·
808 4035 864 4080 bum
876 4033 997 4097 prop’riurir
1007 4034 1075 4080 estin
1085 4033 1169 4081 haere
1184 4033 1269 4080 'Eum

265 4093 327 4141 viani
342 4094 383 4140 lib.
399 4094 423 4141 6.
436 4105 546 4153 extremo,
562 4095 604 4141 ubi
615 4097 718 4161 queritur
729 4094 779 4142 Ro·
840 4098 970 4159 Brigantes
979 4100 1081 4159 foemiraa
1092 4095 1176 4162 Dece]
1188 4096 1322 4145 Garndenus

265 4163 346 4204 menos
364 4156 452 4204 tributa
475 4158 577 4206 barbaris
596 4160 704 4221 pendere,
726 4174 780 4221 quae
808 4161 942 4223 corrigebat,
963 4162 1122 4220 Trinobantes,
1139 4158 1210 4208 exA.
1229 4163 1267 4216 14,
1282 4165 1325 4208 m.

265 4222 494 4268 muneravocabantr
513 4224 778 4279 Dicimresdoaumesae,
808 4233 876 4272 reete.
911 4226 1033 4273 Coloniam
1048 4224 1092 4273 int·
1125 4222 1323 4280 Camulodunum.

266 4284 326 4351 qaod
340 4285 447 4345 pretium
464 4292 506 4342 ert,
524 4292 546 4331 et
568 4289 659 4346 paridem
672 4289 779 4349 pretium
808 4288 928 4349 exeodem
944 4290 1000 4339 loeo.
1034 4289 1126 4337 Resita
1136 4289 1228 4337 evidens
1243 4298 1324 4343 estut

264 4348 779 4399 cmdtttooisdarireiaroeaemtserrimoe.0m-
807 4351 841 4399 ita
851 4352 972 4401 rescribere
982 4366 1029 4401 non
1041 4350 1174 4401 dubitarim.
1207 4352 1278 4401 Eam
