3034 4967
246 210 285 269 39
378 259 381 266 ,
484 208 589 270 Junn
610 206 751 268 AGRIC.
776 208 887 271 vtis.
909 208 994 273 CAP.
1008 216 1057 274 29.

244 396 344 460 euque
368 371 546 449 interfectis,
574 372 713 438 nondum
737 372 866 460 vulgato
890 388 1024 456 rumore,
1054 366 1096 440 nt‘
1115 366 1299 447 miraculum

178 486 180 491 ·
266 458 523 523 raevehebantur:
546 480 620 523 mox
637 458 695 524 hac
715 471 810 545 atque
827 458 880 523 illa
896 462 989 548 rapti,
1010 475 1042 526 et
1059 485 1131 526 cum
1145 462 1300 551 plerisque

243 482 477 621 britannorum,
504 565 560 607 sua
581 542 819 621 defensantium,
842 544 952 631 proelio
973 547 1137 633 magras,
1161 570 1197 611 ac
1218 572 1301 636 saepe

243 630 385 706 victores,
400 626 567 713 aliquando
580 628 673 713 pulsi,
695 652 733 693 eo
746 629 788 693 ad
801 641 976 694 extremum
992 632 1106 718 inopiae
1120 654 1242 712 venere,
1263 647 1301 698 ut

240 713 465 777 infirmissimos
479 733 616 791 suorum,
631 734 705 777 mox
719 727 800 779 sorte
814 714 935 793 ductos,
950 730 1154 781 vescerentur.
1191 719 1301 805 Atque

241 798 286 861 ita
311 797 505 861 circumvecti
536 797 740 876 Britanniam,
770 800 887 864 amissis
911 822 968 885 per
992 800 1144 866 inscitiam
1172 804 1299 889 regendi

241 883 384 960 navibus,
408 906 467 969 pro
488 882 689 968 praedonibus
711 884 821 969 habiti,
846 885 983 970 primum
1007 910 1027 949 a
1048 888 1169 965 Suavis,
1189 909 1263 951 mox
1280 912 1299 951 a

242 967 351 1031 Frisiis
364 967 526 1054 intercepti
541 980 630 1032 sunt:
653 991 688 1033 ac
703 969 800 1046 fuere,
815 992 895 1055 qnos
907 992 964 1056 per
977 972 1158 1036 commercia
1171 995 1299 1036 venum-

240 1052 341 1131 datus,
361 1064 392 1117 et
406 1052 437 1115 in
454 1066 590 1116 nostram
611 1076 711 1140 usque
733 1054 759 1117 ri
818 1060 824 1072 “
854 1054 1026 1120 mutatione
1049 1057 1219 1121 ementium
1244 1057 1299 1120 ad-

241 1138 363 1215 ductos,
377 1137 524 1202 indicium
541 1138 619 1202 tanti
634 1139 746 1203 casusi
780 1140 920 1203 ustravit.
966 1140 1060 1206 Initio
1075 1142 1188 1206 aestatis
1203 1142 1299 1238 Agri·

241 1222 318 1300 cola,
333 1222 502 1288 domestico
515 1221 643 1287 vulnere
657 1224 748 1302 ictus,
764 1247 846 1288 anno
865 1239 937 1290 unte
951 1240 1059 1289 natum
1074 1226 1174 1290 filium
1187 1226 1296 1290 amisit.

241 1310 344 1387 Quem
358 1330 465 1373 casum
479 1331 588 1394 neque,
606 1322 642 1373 ut
655 1309 797 1396 plerique
816 1310 945 1374 fortium
959 1311 1109 1389 virorum,
1125 1311 1297 1389 ambitiose,

239 1416 261 1457 n
301 1416 341 1457 ue
354 1416 411 1480 per
425 1394 560 1457 lamenta
575 1415 683 1459 rursus
706 1418 742 1459 ac
763 1418 924 1459 moerorem
944 1394 1135 1473 muliebriter
1153 1396 1243 1461 tulit:
1266 1409 1298 1461 et

240 1418 375 1542 iriluctu
389 1477 506 1543 bellurn
520 1478 601 1543 inter
615 1479 751 1543 remedia
765 1493 839 1544 erat.

257 1604 261 1611 ‹
283 1564 425 1627 XXIX.
450 1562 552 1648 lgitur
565 1564 724 1649 proemissa
744 1564 849 1642 classe,
872 1588 944 1652 quae
964 1567 1109 1652 pluribus
1128 1568 1203 1630 locis
1217 1590 1299 1653 prue-

239 1648 323 1727 data,
347 1669 496 1735 magnum
512 1661 544 1711 et
557 1648 709 1713 incertum
729 1662 877 1713 terrorem
898 1651 1023 1729 iaceret,
1044 1651 1191 1737 expedito
1212 1674 1298 1715 exer-

238 1733 314 1811 citu,
336 1733 387 1797 cui
408 1756 447 1796 ex
473 1728 631 1797 Britannis
651 1734 833 1799 fortissimos
857 1747 889 1798 et
907 1734 1000 1821 longa
1024 1759 1101 1823 pace
1122 1735 1306 1822 exploratos·

238 1818 411 1896 addiderat,
426 1818 467 1882 ad
481 1830 619 1893 montem
634 1818 821 1904 Grampium
836 1821 987 1905 pervenit,
1000 1844 1097 1908 quem
1112 1822 1179 1907 jam
1194 1821 1298 1885 hostes

237 1903 422 1971 insederant.
456 1904 539 1967 Nam
556 1903 710 1981 Britanni,
722 1903 800 1967 nibil
812 1903 902 1968 fracti
916 1927 1033 1991 pugnae
1070 1905 1158 1968 riuris
1171 1920 1296 1988 eventu,

235 2000 267 2053 et
292 1990 442 2054 ultionem
467 1998 523 2063 aut
548 1987 708 2052 servitium
736 2001 958 2073 exspectantes,
988 1928 1176 2075 tandemque
1202 1988 1296 2066 docti,

235 2094 400 2139 commune
418 2070 591 2167 periculum
617 2072 780 2136 concordia
804 2072 1062 2158 propulsandum,
1090 2073 1298 2159 legationibus

235 2174 270 2237 et
288 2159 459 2223 foederibus
479 2176 619 2217 omnium
643 2155 804 2223 civitatum
827 2157 908 2220 vires
930 2156 1115 2221 exciverunt.
1159 2160 1297 2245 Jamque

235 2266 329 2329 super
343 2241 471 2327 triginta
485 2238 581 2303 millia
594 2253 789 2305 armatorum
801 2242 1064 2328 adspiciebantur,
1079 2256 1111 2306 et
1124 2240 1227 2305 adhuc
1242 2244 1297 2307 ad·

235 2329 354 2392 fluebat
377 2326 476 2389 omnis
497 2326 659 2412 juventus,
681 2338 712 2390 et
732 2326 848 2413 quibus
864 2327 962 2391 cruda
975 2350 1011 2391 ac
1025 2326 1131 2390 viridis
1146 2341 1296 2404 senectus,
1386 2326 1390 2331 ’

235 2414 310 2480 clan'
324 2412 416 2491 bello,
431 2435 467 2475 sc
482 2434 539 2475 sua
551 2411 685 2499 quisque
695 2412 807 2477 decora
820 2425 995 2501 gestantes:
1012 2434 1083 2476 cum
1098 2412 1178 2475 inter
1192 2412 1297 2499 plures

235 2502 342 2565 Duces
360 2498 476 2562 virtute
494 2509 526 2560 et
547 2518 659 2583 genere
680 2512 843 2583 praestans,
868 2497 994 2563 nomine
1020 2496 1184 2595 Calgacus,
1209 2496 1296 2583 apud

232 2596 422 2649 contractam
441 2581 684 2661 multitudinem,
706 2582 852 2669 proelium
870 2593 1057 2671 poscentem,
1080 2605 1112 2645 tn
1126 2583 1211 2646 hunc
1230 2605 1296 2645 mo-

233 2669 312 2734 dum
326 2668 449 2733 locutus
463 2668 581 2731 fertur:
1282 2686 1287 2693 ’

233 2809 291 2859 MS.
304 2808 365 2875 ΙἿειι.
377 2810 578 2872 presentantur,
595 2808 659 2874 quod
674 2808 750 2884 placet
779 2809 955 2859 tiaverbiVIT.
980 2811 1113 2858 Numerum
1121 2808 1296 2857 VIIexcidisae

232 2874 344 2923 Broteric.
384 2873 502 2923 Sententia
524 2873 571 2921 loci
591 2887 637 2921 non
659 2873 749 2921 videtur
780 2883 848 2937 putat
858 2874 927 2922 etiam
936 2874 1064 2922 Broterins.
1095 2872 1166 2920 Eun.
1202 2882 1206 2890 “
1239 2885 1242 2890 ’

262 2938 290 2999 ti,
301 2954 431 2987 successum
442 2936 594 3001 navigationis
606 2938 750 2985 mirabantur
816 2941 850 2987 Ut
855 2938 1296 3001 puriquesorttumvirorumamtitic-

231 2954 336 3051 bbmmes
346 3003 371 3049 in
381 3002 514 3051 huminibus
530 3000 563 3049 rei
577 3001 675 3049 nautica
685 3001 749 3047 rudi·
780 3004 816 3066 se]
837 3002 889 3050 Viri
904 3001 974 3049 fortes
992 3010 1046 3048 sunt
1062 3000 1189 3047 militares:
1206 3001 1231 3047 hi
1248 3000 1296 3048 fere

230 3068 283 3116 bus.
317 3068 388 3115 Eun.
422 3066 447 3129 Α
463 3064 577 3115 Vaticano
596 3065 710 3114 discedere
726 3065 750 3113 e't
780 3066 901 3115 arnbitiose
914 3066 939 3112 in
954 3065 1039 3112 talibus
1052 3066 1136 3119 rebus;
1153 3064 1178 3110 h.
1189 3079 1208 3110 e.
1220 3073 1296 3112 osten.

231 3132 274 3179 boc
292 3132 350 3192 luco,
368 3131 431 3179 nefas
447 3131 513 3179 duco
551 3132 604 3179 Uno
620 3131 750 3189 remigante
781 3138 831 3177 tant
851 3130 995 3195 patientiam,
1013 3136 1037 3175 et
1053 3127 1122 3175 nimis
1139 3129 1221 3175 volunt
1241 3142 1295 3175 cun-

231 3196 276 3257 usi,
300 3211 370 3258 quem
393 3194 464 3243 secuti
483 3194 677 3257 praevebetuntur
695 3193 710 3240 i.
729 3208 748 3239 e.
781 3202 866 3241 stanter
883 3194 941 3241 ferre
956 3191 1103 3241 incommoda
1118 3191 1197 3246 rideri,
1217 3195 1296 3239 contra

230 3260 452 3323 pratervebe'bantnr
462 3258 531 3305 litori.
566 3256 604 3303 Sic
614 3256 673 3303 bene
683 3256 737 3319 Bip.
780 3257 930 3305 humanitatis
940 3252 1070 3304 communis
1080 3257 1198 3302 rationem.
1229 3256 1295 3303 Eur.
1382 3255 1390 3267 “

263 3326 296 3371 Iu
309 3330 415 3372 nostrum
426 3322 518 3385 ripum]
536 3336 567 3369 sc.
579 3320 658 3367 Rheni
671 3319 748 3367 dumi·
781 3321 843 3369 Vide
853 3320 986 3383 exemplum
998 3318 1087 3367 Tiberii
1097 3324 1131 3364 A.
1144 3322 1169 3377 4,
1181 3325 1204 3368 8.

230 3388 275 3447 nis,
293 3389 360 3449 cujus
376 3386 447 3435 attera
461 3385 511 3448 ripa
525 3384 617 3434 sinistra
627 3384 749 3447 provincia
813 3385 968 3447 Grampium]
987 3381 1066 3430 Hodie
1081 3390 1174 3429 vocatur
1194 3385 1295 3431 Graatz-

231 3450 328 3500 Gallicae
341 3450 453 3499 terminus
470 3457 525 3512 erat,
542 3448 748 3497 alteraaGerma-
782 3451 856 3496 tutae.
889 3449 961 3496 Eur.
1229 3473 1231 3478 ,

230 3517 268 3564 nis
279 3518 406 3564 tenebatur.
440 3513 507 3562 nas.
808 3510 1295 3577 Communeperteulumccmurdiu]0rer-

262 3582 339 3629 rateto
349 3580 450 3654 astutis]
469 3578 746 3636 Aliahaecaestasabes,
779 3577 905 3625 braum!
918 3577 1008 3624 utinam
1020 3575 1177 3623 imbibamus!
1201 3576 1295 3638 Nempe

230 3661 284 3709 qne
302 3660 322 3693 c.
341 3647 381 3691 25.
400 3644 515 3707 incipitur.
548 3642 613 3689 Nam
634 3657 687 3705 que
707 3641 748 3688 illa
778 3641 874 3700 bucest,
890 3640 953 3705 quud
969 3641 1129 3688 Hermocrates
1143 3639 1294 3701 illeSyrscu·

230 3717 298 3758 aetate
314 3716 379 3773 gesta
395 3716 457 3767 sunt,
474 3708 535 3754 clare
553 3708 583 3753 ab
600 3704 712 3769 Agricola
727 3719 747 3753 c.
778 3720 848 3753 sanna
862 3704 1016 3770 pulcherrime
1032 3703 1130 3757 monuit,
1146 3703 1210 3766 apud
1227 3693 1295 3749 Tbu-

229 3775 270 3823 34.
299 3774 349 3821 init
379 3771 490 3835 superiori
516 3784 577 3818 anno
603 3770 744 3817 tribuuntur·
779 3768 917 3831 cyd.4,64.
944 3769 997 3821 Τοὺς
1007 3767 1028 3814 bl
1039 3767 1180 3824 ἀλλοφύλους
1191 3767 1296 3811 taranta-

230 3838 316 3901 Itaque
326 3838 364 3885 hic
374 3836 411 3885 vel
425 3850 535 3883 numerus
552 3834 636 3882 utatis
652 3832 745 3887 excidit,
778 3850 821 3885 τας
837 3832 916 3895 ἀθρόοι,
936 3830 962 3884 ἣν
983 3836 1133 3893 σωφρονῶμεν,
1153 3825 1296 3888 ἀμυνώμεθα.

229 3902 267 3951 vc'l
277 3898 598 3963 muscentir,prurtmu,quia
637 3897 747 3945 nlloaute
777 3894 952 3957 antepristena?
964 3892 1296 3953 iainavrflnmiuuoagtp-

229 3966 337 4031 praeoedit
358 3968 437 4013 eudem
458 3970 544 4012 astate.
577 3912 745 4010 Ademtum
778 3956 1019 4017 rmgcxatuntaau.
1053 3956 1129 4003 Iure.

228 4030 352 4093 septimam
362 4029 412 4076 huc
422 4028 543 4090 pertinere,
560 4026 630 4074 etiam
640 4024 746 4073 virdun-
811 4024 861 4071 ἕνα
869 4024 964 4084 qunque
973 4021 1066 4083 bema]
1077 4018 1294 4067 rremuobvtau.

229 4093 349 4157 guavidit.
372 4092 398 4141 Si
408 4092 453 4139 fuit
463 4094 567 4155 septimus
575 4090 746 4143 tatttooeetatn,
779 4095 826 4135 tun
848 4086 953 4134 ueniam
975 4092 1067 4147 sarepta
1085 4083 1198 4145 intelligo.
1231 4082 1293 4131 Mox

229 4156 293 4220 quud
304 4156 362 4205 mihi
373 4155 475 4221 maxime
485 4157 566 4231 placet
581 4154 685 4216 primum
694 4167 746 4200 ⁴rer-
779 4153 897 4213 uolgum
906 4149 1075 4213 pmGulgccm
1082 4147 1196 4195 edidimus
1204 4145 1296 4220 exedi.

229 4222 297 4281 bum,
313 4237 354 4285 per
368 4228 434 4268 notas
449 4228 568 4283 seriptum.
584 4216 694 4265 facilibus
704 4230 746 4279 po·
779 4231 814 4279 pr.
825 4214 910 4278 quibus
919 4212 1064 4261 eumanum
1074 4210 1147 4261 MSS.
1157 4226 1195 4277 ap.
1211 4208 1293 4261 Brute·

229 4285 276 4336 tuit
286 4286 402 4336 absorberi
415 4301 430 4333 a
443 4282 602 4333 tenniuatione
617 4280 746 4344 praeceden-
778 4279 848 4327 rium.
881 4278 952 4326 Eun.
