3034 4967
492 269 548 329 nn
569 265 818 327 vssrrsmur
843 264 1034 363 manino.
1247 268 1300 324 211
1392 233 1396 247 ⁴

235 424 347 485 SCtum
362 428 465 499 solum,
480 428 568 487 modo
582 429 679 505 legem
693 427 784 485 solam
796 430 1027 498 commemorari,
1039 428 1162 487 alterum
1176 428 1300 506 intelligi

235 504 353 565 debere.
394 508 495 585 Atque
510 508 598 565 talem
613 506 707 582 legem
724 504 865 565 curiatam
882 507 952 566 licet
971 508 1147 583 intelligere,
1162 518 1195 565 ut
1212 526 1300 583 supra

235 584 308 653 dixi,
323 586 398 644 hanc
413 586 450 644 de
464 585 586 664 imperio
601 585 782 662 Vespasiani,
794 584 938 643 diversam
951 586 1030 645 iilam
1046 586 1164 663 quidem
1179 586 1297 655 aSCto,

234 664 313 739 quod
327 664 365 721 de
378 665 500 743 imperio
515 664 686 742 Vespasiani
697 662 808 721 facturn
819 677 863 721 est
874 677 996 723 auctore
1007 665 1123 735 Tacito,
1132 666 1185 723 sed
1196 664 1298 734 forma,

234 745 293 798 nori
306 744 428 801 materia
442 755 472 802 et
486 753 668 819 argumento.
710 741 787 798 Nam
800 745 1003 820 'Imperatores
1023 755 1052 801 et
1067 744 1096 801 in
1116 745 1188 801 urbe
1201 746 1299 821 Impe-

234 819 310 878 rium
323 822 448 880 militare
461 822 604 891 habuere,
617 831 651 879 ut
663 820 789 898 primurn
803 823 999 899 Imperatores
1013 833 1082 881 sunt
1094 820 1243 902 appellati.

274 987 373 1063 Atque
386 986 456 1045 hinc
471 984 761 1045 etiam‘confirmatur
774 986 814 1055 id,
825 987 904 1064 quod
919 989 959 1047 H.
973 993 1003 1056 t,
1018 992 1046 1047 3.
1062 992 1088 1047 6.
1102 986 1175 1057 dixi,
1187 987 1302 1045 diversa

235 1082 301 1122 esre
312 1066 434 1137 decreta
441 1068 582 1134 Senatus,
591 1083 715 1142 quorum
725 1064 788 1121 istis
801 1066 830 1123 in
842 1065 914 1123 locis
923 1066 1034 1124 mentio
1044 1066 1113 1127 fiat:
1135 1066 1202 1124 loco
1211 1065 1301 1144 priori

236 1142 358 1201 decreta
372 1144 446 1203 tradi
460 1146 540 1202 facta
554 1144 592 1204 de
606 1142 764 1201 honoribus
779 1158 809 1202 et
823 1144 987 1203 nominibus
996 1144 1115 1204 honoris
1129 1144 1300 1221 insignibus,

235 1222 389 1298 posteriori
404 1223 441 1280 de
455 1223 595 1300 imperio;
616 1240 710 1299 eaque
724 1222 844 1281 diversis
854 1224 1035 1301 temporibus
1049 1243 1084 1283 ac
1098 1223 1202 1282 diebus
1213 1222 1301 1283 facta.

236 1304 358 1379 Semper
372 1301 428 1360 ista
442 1302 471 1359 in
487 1303 615 1379 Repu.
631 1313 659 1358 et
674 1299 758 1359 bonis
772 1302 953 1379 temporibus
974 1302 1086 1360 divisim
1100 1313 1130 1361 et
1143 1321 1197 1379 per
1211 1301 1302 1359 inter·

236 1380 346 1437 vallum
361 1380 439 1455 data,
454 1382 542 1439 etiarn
562 1380 617 1457 ipsi
637 1378 832 1457 Imperatores
852 1398 905 1458 per
925 1382 1077 1441 intervella
1096 1381 1151 1439 sibi
1173 1380 1235 1439 duri
1249 1400 1302 1439 vo·

237 1457 367 1527 luerunt,
388 1479 441 1537 per
461 1460 589 1537 speciem
611 1457 735 1534 aiicujus
756 1460 916 1518 modestiae.
958 1459 1107 1537 Exltremae
1127 1458 1303 1525 adulationis

237 1534 411 1605 fuiuomnia
425 1537 510 1596 simul
522 1538 691 1597 decernere.
732 1536 813 1596 Nihil
825 1539 920 1597 dicam
930 1538 967 1597 de
975 1542 1110 1616 Augusto
1122 1559 1156 1599 ac
1167 1537 1303 1597 Tiberio:

232 1614 326 1696 ¹etiarn
348 1616 415 1673 mali
436 1617 539 1674 ominis
559 1617 691 1686 habiturn
713 1614 740 1673 in
763 1618 928 1686 Pertinace,
950 1618 1029 1695 quod
1050 1617 1252 1676 omnia‘simul
1273 1628 1304 1675 et

231 1694 348 1830 {esaim
362 1706 539 1755 consecutus
557 1708 644 1756 esset.
683 1694 719 1754 V.
737 1696 892 1776 capitolin.
914 1696 943 1754 in
962 1696 1117 1757 Pertinace
1134 1716 1160 1758 c.
1174 1700 1205 1759 5.
1218 1706 1248 1755 et
1261 1695 1302 1755 ibi

266 1775 363 1832 assub.
668 1806 671 1812 “
986 1792 988 1805 “
