3034 4967
220 233 276 290 180
546 232 575 293 J.
597 229 719 292 LIPSII
742 233 966 295 XXCURSUS

744 399 796 458 0..

624 547 717 610 CAP.
738 547 893 610 LXXXV.

265 707 345 770 Qum
359 712 457 761 tamen
471 701 615 780 professio
629 701 711 763 irrita
723 703 804 763 iacta
815 715 920 783 postea
932 725 971 764 ex
982 727 1059 767 nova
1070 709 1156 786 lege:
1178 711 1298 788 elegan-

227 797 331 862 terque
352 781 488 840 adhunc
508 801 572 840 rem
592 782 769 860 Papinianus
789 783 808 840 l.
830 788 874 844 10.
905 787 953 844 De
973 786 1065 845 adult.
1093 789 1211 857 Mulier,
1232 811 1298 868 qua

226 862 366 924 masada
377 881 473 942 punse
490 861 623 921 adulterii
637 862 739 940 gratia
751 862 921 922 lenocinium
934 865 1021 943 fecit,
1043 881 1093 926 aut
1112 889 1212 945 operas
1232 890 1299 927 suas

227 963 320 1002 scene
330 942 446 1012 locauit,
459 939 592 1000 adulterii
601 943 732 1000 accusari
746 942 928 1022 damnarique
938 945 1187 1006 Senatuscensulto
1194 960 1298 1024 petest.

229 1021 290 1080 Sed
304 1020 383 1100 apud
393 1019 505 1078 AEdiles
520 1038 573 1078 cur
588 1039 623 1078 ea
635 1020 800 1098 professio?
819 1041 878 1078 non
892 1023 972 1101 apud
987 1024 1132 1084 Censores
1145 1026 1296 1104 aliosque?

229 1101 299 1180 quia
312 1099 473 1178 comperio,
487 1101 524 1158 ab
535 1099 655 1178 antiquo
666 1098 812 1158 AEdilibus
827 1121 928 1160 curam
941 1100 1032 1161 fuisse
1044 1103 1201 1172 fornicum,
1213 1123 1297 1182 popr-

228 1198 343 1250 narum,
358 1179 490 1238 locorum
506 1197 618 1248 eorum,
639 1178 667 1236 in
683 1179 789 1256 quibus
804 1179 909 1238 Honos
923 1202 981 1239 nou
995 1183 1103 1242 colitur
1116 1197 1167 1242 aut
1181 1185 1300 1244 Virtus:

228 1260 359 1336 itemque
379 1276 578 1336 personarum,
602 1277 668 1336 quae
688 1259 796 1336 saepius
818 1259 846 1316 in
867 1259 902 1317 iis
922 1261 1005 1331 locis,
1029 1283 1117 1340 quam
1138 1264 1167 1322 in
1188 1263 1300 1340 templo

227 1338 370 1403 Mariano.
411 1337 484 1396 Ideo
503 1337 627 1405 Seneca,
651 1348 684 1394 ut
703 1338 790 1408 solet,
812 1339 965 1416 eleganter
983 1341 1032 1400 De
1050 1343 1110 1402 vita
1123 1344 1210 1401 beata
1231 1363 1256 1400 c.
1273 1349 1302 1406 7.

227 1415 356 1480 Invenies
376 1415 547 1494 voluptatem
571 1417 646 1476 circe
673 1415 774 1476 balnea
800 1430 827 1478 et
853 1420 1000 1478 sudatoria
1025 1441 1059 1480 ac
1086 1424 1149 1482 loca
1169 1420 1300 1482 AEdibem

227 1496 383 1558 uniamus
391 1525 401 1568 ,·
422 1495 517 1564 idest,
533 1494 662 1554 fornices
676 1507 706 1554 et
719 1497 852 1575 popinas.
883 1499 922 1572 Et
936 1499 1007 1558 illue
1020 1499 1153 1558 alludens
1166 1501 1302 1560 Justinus

227 1580 276 1646 21,
291 1579 320 1636 5.
339 1574 451 1644 scribit,
470 1574 645 1652 Dionysium
664 1577 741 1652 apud
757 1578 876 1638 AEdiles
899 1577 1035 1638 adversus
1054 1580 1166 1638 lenones
1179 1579 1303 1658 jurgari

229 1655 358 1722 solitum.
393 1654 498 1732 ltaque
512 1653 657 1712 AEdilibus
671 1673 752 1714 curae
765 1675 852 1714 nosse
868 1656 987 1734 publica
1004 1669 1114 1726 scorta,
1133 1657 1245 1716 habere
1264 1677 1302 1718 es

227 1733 256 1792 in
271 1733 391 1802 tabulis,
406 1744 439 1792 ut
452 1732 496 1792 sic
511 1733 617 1802 dicam,
631 1744 662 1792 et
675 1734 762 1792 albo:
780 1747 820 1803 et,
834 1734 857 1792 si
872 1755 959 1812 quam
974 1737 1142 1812 vulgantcm
1156 1757 1200 1804 se,
1215 1749 1302 1796 extra

227 1832 296 1872 eum
317 1831 471 1872 numerum
494 1812 583 1880 nacti,
606 1812 780 1872 multabant.
821 1814 919 1873 Livius
941 1819 989 1886 10,
1012 1821 1060 1874 31.
1100 1816 1145 1874 Eo
1170 1837 1243 1876 anua
1264 1818 1300 1893 Q.

226 1893 334 1954 Fabius
356 1892 473 1971 Gurges
500 1892 631 1951 Consulis
644 1892 731 1970 filius
762 1893 800 1967 (is
822 1906 923 1952 autem
945 1905 1018 1954 tunc
1041 1895 1160 1968 AEdilis)
1192 1895 1302 1973 aliquot

227 1981 370 2034 matrones
384 1973 566 2052 adpopulum
578 1971 667 2106 stupri
686 1972 835 2032 damnatas
851 1975 974 2052 pecunia
991 1973 1127 2034 mvbevit.
1166 1977 1233 2034 Nec
1246 1993 1301 2051 pe·

229 2053 317 2110 cunia
330 2050 434 2118 solum,
449 2051 502 2109 sed
516 2063 547 2109 et
561 2069 623 2108 exsr
636 2049 673 2109 io.
713 2052 797 2110 Idem
812 2056 861 2123 25,
876 2057 903 2111 2.
944 2053 982 2112 L.
1003 2051 1100 2120 Villius
1115 2051 1260 2132 Tappulus
1273 2067 1302 2112 et

229 2131 277 2192 M.
286 2129 454 2190 Fundanius
463 2129 579 2190 AEdiles
589 2129 683 2208 plebei
693 2131 801 2208 aliquot
814 2144 957 2190 matronas
970 2133 1048 2224 apud
1055 2135 1195 2209 populum
1203 2132 1303 2214 probri

228 2217 418 2276 accusarunt:
440 2207 575 2286 quosdam
597 2230 634 2268 en
655 2209 693 2268 eis
713 2210 863 2268 damnatas
882 2211 911 2268 in
929 2210 1056 2268 exsilium
1069 2226 1200 2288 egerunt.
1239 2211 1301 2270 De·

230 2289 439 2364 ducebantque
461 2287 550 2346 iidem
572 2289 602 2346 in
622 2287 766 2364 judicium
784 2289 872 2347 etiam
894 2288 952 2346 hoc
973 2290 1095 2347 crimine
1113 2291 1202 2357 viros,
1223 2302 1255 2348 ut
1272 2291 1302 2348 in

230 2366 314 2430 Livio
328 2370 356 2436 8,
373 2370 421 2434 22,
462 2367 546 2428 Data
560 2390 577 2428 a
592 2369 640 2428 M.
654 2366 754 2426 Flavio
768 2367 938 2428 ancoralia:
956 2379 1049 2438 mant,
1062 2371 1170 2450 qviper
1182 2371 1303 2448 speciem

230 2445 403 2517 honorande
407 2447 537 2526 parentis
544 2446 672 2506 meritam
681 2448 834 2507 mercedem
837 2448 945 2528 populu
954 2447 1074 2507 solutam
1085 2451 1303 2527 interpretaren·
1318 2454 1320 2465 '

231 2539 288 2596 tur,
303 2524 380 2604 quod
391 2546 452 2584 eum
465 2527 512 2586 die
525 2527 602 2588 dicta
616 2526 650 2584 ab
663 2525 813 2586 AEdilibus
831 2526 946 2586 emmim
959 2537 1100 2605 stuprata
1119 2524 1304 2608 iratissumi-

230 2605 286 2665 lias
299 2603 469 2665 absolvisset.
508 2605 660 2666 Pertinere
678 2604 717 2662 ad
734 2605 812 2665 hanc
828 2625 891 2664 rem
907 2605 1028 2665 Laberii
1042 2627 1157 2666 versum
1172 2619 1257 2686 puto,
1270 2619 1304 2666 ut

230 2703 288 2762 ego
312 2702 379 2742 eum
403 2685 528 2743 restituo
550 2683 629 2761 apud
653 2683 803 2760 Agellium
830 2689 876 2754 16,
895 2686 924 2748 7.
968 2685 1114 2747 Cocionem
1134 2689 1305 2766 pervulgate

232 2762 311 2833 dicit,
328 2781 409 2842 quem
424 2773 528 2822 veteres
543 2761 718 2822 Arilalorem
731 2763 873 2824 dicerunt.
920 2765 1008 2826 Verba
1022 2767 1141 2827 Laberii
1153 2763 1213 2826 baec
1230 2779 1304 2828 sunl.

231 2845 317 2904 Duas
331 2861 445 2912 umores,
461 2841 515 2902 boc
527 2839 622 2900 laercle
633 2840 702 2920 plus
720 2843 893 2922 segutilum,
906 2844 1001 2926 inquit
1016 2844 1111 2916 Cocio,
1125 2867 1177 2904 seu
1186 2845 1305 2905 AEdilc's

230 2922 349 2994 viderat.
371 2922 495 2981 ¹Scribo.
524 2923 612 2982 Duas
623 2923 749 2984 uaarcsl
770 2923 825 2982 boc
840 2921 936 2982 bercle
948 2923 1016 3004 plus
1028 2925 1137 3004 negotii
1149 2935 1200 2993 est,
1213 2925 1305 3002 inqua

234 3001 343 3064 Cocio.-
367 3000 714 3064 redAEdinsu'denmr.
741 3005 812 3062 Non
821 3002 879 3062 alia
888 3003 1007 3063 Laberii
1017 3003 1138 3080 scriptio
1149 3014 1200 3062 sut
1210 3022 1305 3064 mens.

231 3080 354 3152 Duasrie
368 3099 478 3140 uxores
491 3080 542 3140 ille
553 3079 663 3140 habeti
685 3081 789 3159 iuquit.
821 3082 935 3142 Hercle
947 3083 1016 3141 satis
1029 3081 1215 3160 negotiosum
1228 3102 1303 3160 neg·

231 3159 325 3227 otium
345 3159 467 3229 homini,
485 3171 519 3218 ut
538 3160 584 3227 ait,
596 3160 703 3222 Cocio:
724 3179 827 3218 verum
844 3161 876 3219 id
890 3161 1004 3221 AEdiles
1023 3161 1161 3233 viderint,
1178 3181 1304 3240 quorum

230 3238 295 3298 haec
318 3259 399 3298 cura.
447 3239 524 3298 Dixi
538 3239 692 3318 ,ejusmodi
717 3238 841 3298 infames
863 3239 987 3300 feminas
1010 3241 1133 3308 cessisse
1151 3240 1304 3318 ,dignitate

232 3319 396 3388 matronali,
417 3317 505 3377 etiam
522 3318 709 3377 ornamentis.
743 3317 793 3376 De
810 3318 964 3397 dignitate,
982 3319 1075 3396 liquet
1088 3339 1128 3378 ex
1143 3319 1303 3379 Suetonio:

231 3397 270 3454 de
284 3397 472 3464 ornamentis,
487 3397 526 3453 ex
542 3395 733 3466 Tertulliano,
748 3397 798 3456 De
812 3399 896 3457 cultu
910 3403 939 3468 2,
955 3403 1003 3458 12.
1043 3398 1123 3467 Quid
1141 3401 1234 3459 minus
1251 3401 1302 3457 la·

230 3475 294 3545 beat
307 3474 514 3554 infelicissima
526 3474 588 3535 illae
597 3474 773 3554 publicarum
786 3475 937 3539 libidinum
950 3478 1094 3538 victimis?
1113 3499 1194 3559 quas,
1205 3479 1305 3556 mpure

229 3555 310 3634 leges
333 3575 351 3612 a
373 3554 535 3632 matronis†
558 3565 585 3614 et
606 3555 809 3616 matronalibus
830 3557 1031 3618 decoramentis
1054 3559 1227 3628 coercebant,
1237 3557 1305 3636 jam

228 3647 304 3700 serie
318 3633 420 3694 saeculi
434 3633 623 3714 improbitesss
645 3634 841 3698 bartestissimis
899 3639 1012 3716 ibasque
1020 3638 1143 3718 seminis
1161 3659 1248 3716 usque
1266 3637 1305 3696 ad

229 3734 351 3783 errarem
366 3713 528 3782 dinoscendi
542 3715 705 3794 coequavit.
745 3715 782 3774 V.
796 3736 853 3776 eun
876 3716 966 3776 emin
981 3718 1070 3795 Apol.
1084 3737 1111 3776 c.
1126 3725 1153 3780 6.
1187 3721 1303 3776 Censeo

229 3805 339 3865 sutem,
365 3792 497 3874 posuisse
521 3813 570 3852 eas
591 3795 731 3866 institam,
755 3795 872 3866 stolam,
897 3796 1002 3863 vittas3
1033 3797 1122 3854 immo
1144 3795 1303 3875 sumpsisse

229 3872 425 3934 meretriciam
440 3883 563 3950 togam„
583 3873 713 3933 Inducor
727 3873 892 3933 aJuvenali
907 3880 936 3943 2,
944 3880 983 3937 69
985 3918 1063 3937 .....
1077 3875 1204 3956 Carfinia
1217 3877 1304 3936 lalens

228 3949 296 4010 Non
309 3966 397 4011 sunam
410 3953 547 4030 damnata
560 3965 657 4030 tagam
667 3979 677 4011 .·
695 3953 746 4031 qui
761 3953 799 4011 de
810 3965 944 4014 matrona
952 3954 1051 4033 aliqua
1061 3954 1154 4034 stupri
1166 3954 1304 4012 damnata

227 4029 337 4104 sentire
352 4032 478 4108 videtur,
495 4031 542 4092 cui
557 4051 595 4090 ex
610 4051 691 4090 more
711 4032 855 4091 sumenda
873 4045 955 4112 toga.
987 4034 1036 4092 De
1055 4053 1092 4092 ea
1104 4033 1174 4092 satis
1189 4032 1303 4090 dictum

257 4197 272 4226 ¹
295 4199 446 4245 Proverbiali
455 4198 541 4258 souma
557 4199 599 4244 esi.
631 4195 686 4245 Hoc
701 4197 755 4261 plus
772 4199 860 4261 negotii
875 4207 918 4259 est,
935 4199 1012 4264 inquit
1028 4198 1107 4248 Coeia.
1139 4197 1174 4247 Et
1190 4194 1303 4251 Curione·

225 4277 285 4348 eppe
299 4267 325 4312 in
341 4265 409 4323 vulgi
426 4265 488 4308 dicto
505 4263 633 4323 ueniebant,
652 4268 680 4310 ul
694 4265 783 4312 Plauti
793 4264 865 4313 Am.
882 4266 906 4327 1,
921 4265 946 4327 3,
957 4266 997 4313 bi.
1014 4265 1075 4313 illud
1084 4263 1162 4317 Vetus
1172 4272 1216 4328 est,
1233 4263 1302 4313 nihili

225 4325 624 4454 ‘illumiminaret
1052 4376 1054 4383 ‘

252 4457 270 4520 ξ
287 4455 351 4520 laege
364 4457 502 4522 msprobilm
517 4458 621 4520 quotidie
637 4459 774 4522 insurgens.
