3034 4967
193 1248 198 1257 ⁴
273 1232 466 1309 ‘innocentia

184 1440 186 1443 -
271 1403 378 1467 moda
392 1404 513 1467 mortali

273 214 312 287 ‘oo
375 233 378 239 ·
629 228 683 287 nn
704 215 971 287 onaromuus
1024 196 1028 208 ’

275 386 426 536 rupiaco:
449 408 512 452 non
532 382 631 477 magle
645 406 740 475 quarn
761 398 877 453 aera-et
895 378 1056 472 imagines,
1075 408 1150 473 qua
1167 386 1271 462 etiam,
1284 402 1337 452 nte

281 496 323 537 no
335 485 415 551 ente,
437 472 469 535 in
484 470 612 537 domum
629 496 730 537 meam
749 473 945 561 inruperunt.
989 473 1075 536 Nam
1089 484 1206 536 statum
1220 472 1336 535 hucus-

276 564 346 644 ¹que
360 582 395 621 ac
410 558 603 621 securitatem
616 558 726 621 melius
740 557 920 622 innocentia
927 571 1027 634 tueor,
1035 576 1130 641 quam
1139 555 1332 642 eloquentia:

282 664 339 709 nec
353 665 470 719 vereor,
485 664 524 705 ne
539 642 615 705 mihi
633 665 784 729 umquam
797 643 893 707 verba
912 643 946 705 in
961 644 1088 719 Senatu,
1103 641 1162 705 nisi
1183 662 1242 726 pro
1261 640 1337 703 alte·

283 726 347 790 rius
361 726 544 805 discrimine,
560 727 701 791 facienda
715 729 784 793 sint.
807 756 811 765 ¹

272 831 276 839 ·
328 811 411 875 XlI.
435 814 571 875 Nemora
584 834 657 880 vero
671 825 702 875 et
720 812 794 890 luci,
811 822 843 875 et
857 822 1006 876 secretum
1021 811 1135 897 ipsum,
1149 808 1236 906 quod
1250 808 1339 895 Aper

272 894 473 981 increpabat,
489 907 607 961 tantam
621 896 698 959 mihi
719 898 866 961 adferunt
879 897 1081 982 voluptatem,
1096 909 1134 959 ut
1154 906 1235 957 rnter
1255 914 1337 979 prae·

271 980 391 1067 'cipuos
405 980 575 1044 carminum
588 982 709 1045 fructus
723 1003 893 1059 numerem,
909 981 995 1066 quod
1010 999 1067 1043 neo
1080 979 1114 1042 in
1127 977 1269 1123 strepitu,
1281 1000 1338 1040 nec

283 1064 407 1129 sedente
425 1080 496 1129 ante
517 1066 631 1129 ostium
652 1066 889 1151 litigatore-nec
908 1066 990 1129 inter
1012 1064 1117 1128 sordes
1138 1086 1174 1127 ac
1207 1062 1338 1125 acrimas

282 1170 407 1212 reorum
421 1172 488 1213 com
513 1164 669 1223 onnntur3
694 1152 748 1214 sed
763 1150 876 1214 secedit
888 1150 1012 1213 animus
1024 1149 1058 1211 in
1071 1148 1139 1211 loca
1152 1168 1234 1232 pura
1243 1160 1339 1231 atque

481 1174 660 1321 donatque
675 1234 800 1299 sedibus
820 1234 922 1299 sacris.
966 1235 1049 1298 Haeo
1067 1232 1097 1295 el
1140 1231 1256 1294 uentiae
1275 1231 1339 1316 pri-

283 1319 414 1395 mordia,
429 1320 495 1382 haec
537 1319 698 1383 enetralia:
722 1319 782 1383 hoc
803 1319 940 1405 primum
962 1318 1073 1381 habitu
1091 1338 1130 1379 cu
1145 1330 1242 1400 tuque
1255 1339 1338 1378 corn-
1384 1335 1387 1342 ·

514 1342 584 1481 bus,
598 1405 631 1467 in
643 1403 698 1467 illa
708 1416 800 1481 casta,
812 1417 843 1467 et
854 1402 947 1466 nullis
957 1415 1099 1465 contacta
1110 1399 1203 1477 vitiis,
1214 1414 1340 1485 pectora

282 1486 427 1551 influxit:
450 1490 492 1552 sic
515 1489 641 1552 oracula
663 1488 880 1573 loquebantur.
937 1487 1021 1551 Nam
1039 1485 1286 1569 luerosaehujus
1307 1498 1340 1546 et

273 1571 495 1657 ³·sanguinantis
517 1573 702 1659 eloquentiae
721 1595 807 1648 usus,
833 1593 937 1635 recens
959 1582 991 1633 et
1009 1569 1098 1632 malis
1122 1569 1261 1632 monibus
1284 1590 1339 1631 na-

271 1668 346 1733 tus,
356 1671 466 1744 atque,
482 1671 518 1722 ut
534 1670 569 1721 tu
585 1659 718 1733 dicebas,
733 1660 834 1740 Aper,
848 1655 882 1716 in
894 1655 999 1718 locum
1014 1653 1068 1716 teli
1083 1664 1235 1737 repertus.
1250 1694 1254 1699 ·
1272 1653 1340 1715 -Ce-

283 1752 387 1805 terum
412 1743 487 1806 felix
506 1742 596 1820 illud,
616 1756 658 1819 et,
679 1755 720 1803 ut
736 1762 822 1802 more
837 1754 941 1803 nostro
959 1739 1080 1823 loquar,
1096 1758 1227 1823 aureum
1245 1759 1341 1799 saecu-

284 1824 362 1904 lum,
400 1840 430 1891 et
459 1840 615 1897 oratorum
641 1838 672 1889 et
700 1823 870 1891 criminum⁴
891 1824 991 1908 inops,
1023 1820 1123 1906 poetis
1156 1834 1188 1883 et
1217 1821 1341 1883 vatibus
1439 1872 1442 1875 .

269 1908 477 1989 abundabat,
497 1911 552 1997 qui
571 1912 650 1974 bene
669 1910 752 1972 facta
773 1920 928 1985 canerent,
946 1928 1009 1968 non
1029 1904 1085 1990 qui
1105 1903 1185 1965 male
1206 1905 1340 1967 admissa

272 1994 496 2059 defenderent.
540 1997 606 2057 Nec
622 1994 692 2057 ullis
708 2002 763 2054 aut
782 1992 879 2075 gloria
902 1992 1010 2075 major,
1025 2004 1082 2052 aut
1102 1988 1265 2072 augustior
1284 1988 1342 2051 ho-

270 2086 364 2153 'nor·;
394 2080 530 2165 primum
559 2090 588 2139 a'
601 2078 645 2139 ud
674 2077 771 2150 Deos,
825 2096 938 2136 uorum
971 2074 1109 2160 proferre
1138 2095 1284 2155 responsa
1311 2085 1343 2135 et

286 2162 432 2227 interesse
454 2159 553 2246 epulis
577 2100 779 2232 brabantum
801 2097 919 2222 deinde
939 2158 1025 2243 apud
1044 2156 1112 2219 illos
1133 2155 1203 2218 Diis
1224 2156 1346 2242 genitos

269 2354 272 2359 '
316 2346 377 2392 Non
393 2346 551 2407 magisquom
565 2342 625 2408 oera]
643 2343 711 2393 Acid.
728 2357 800 2405 quam
831 2340 1346 2403 Artussaagutaantes,aalacraeanguinon.

271 2410 391 2457 'illataru-
420 2408 609 2469 Cujaciusquam
625 2418 723 2457 ceraset
739 2411 798 2454 ima·
831 2410 873 2465 tia,
888 2404 1169 2460 inQnintilianideclam.
1184 2404 1221 2458 10,
1234 2408 1257 2452 9.
1269 2413 1293 2464 et
1304 2408 1343 2453 18.

281 2476 359 2535 glires,
368 2472 383 2518 i.
392 2487 411 2520 e.
421 2472 533 2534 imagines
541 2471 798 2532 cereas'majorum'scil.
830 2472 964 2518 mihilecta.
998 2468 1058 2523 Quae
1070 2466 1297 2530 significatio'parum
1307 2468 1348 2517 hic

271 2537 409 2598 'dequibus
425 2536 511 2583 Juven.
523 2541 547 2597 8,
561 2542 597 2584 19.
608 2581 614 2592 ,
631 2536 734 2584 Broterio
750 2551 799 2583 aera
830 2543 892 2595 apta,
908 2532 969 2580 eiad
981 2531 1133 2579 recusationes
1144 2540 1166 2578 et
1181 2532 1346 2594 sanguisugam

270 2606 339 2660 'sunt
351 2598 432 2646 sustu'ae
443 2614 511 2647 anea
527 2610 549 2648 et
561 2598 646 2648 tabulae
656 2599 799 2662 hospitalita·
830 2598 895 2644 illam
905 2596 1058 2659 eloquentiam
1069 2595 1176 2657 respexit
1203 2595 1282 2642 lama·
1308 2596 1352 2655 At¹

272 2664 321 2721 'tis,
334 2668 434 2725 quornni
444 2664 530 2711 mentio
540 2664 600 2711 facta
610 2661 703 2711 adoll.
728 2660 798 2710 'Mox
830 2664 971 2721 sanguinare
982 2667 1016 2707 est
1028 2658 1098 2705 etiam
1114 2658 1267 2720 sanguineum
1282 2659 1345 2706 colo-

272 2725 336 2773 'edd
349 2735 435 2773 veteres
443 2731 514 2785 etiam
518 2732 571 2791 jaim
583 2730 725 2776 momoderate.
827 2737 878 2770 rem
893 2740 942 2787 prae
958 2740 982 2771 ae
998 2724 1064 2776 ferre,
1080 2722 1137 2769 item
1153 2722 1265 2768 animum.
1307 2723 1347 2770 Sic

270 2793 274 2801 '
317 2792 414 2837 Statum
422 2795 564 2853 cujusquam
572 2793 732 2854 securitatem]
741 2789 797 2837 Ma·
829 2787 922 2836 Solinus
938 2788 962 2835 in
980 2786 1076 2834 Pontico
1092 2786 1121 2832 de
1139 2786 1209 2832 nativ.
1231 2784 1344 2833 Veneris:

271 2852 315 2913 'lo,
330 2860 418 2901 statum
432 2856 557 2916 bucusque.
590 2856 662 2902 Dese
678 2855 795 2917 loquitur;
830 2851 1271 2914 Spumcapurpurcisdumacngainat
1280 2852 1346 2896 anda

270 2920 307 2981 {et
317 2917 437 2979 respondet
448 2918 482 2964 illi
496 2920 556 2981 parti
567 2919 663 2981 Aprinae
679 2918 795 2972 orationis,
823 2917 960 2977 prq‘uadts,
977 2916 1079 2961 nasceris
1092 2914 1216 2974 espelago:
1236 2925 1259 2959 et
1268 2912 1345 2975 Aput

188 3036 190 3040 Ι
273 2987 338 3044 'qua
354 2980 507 3043 eloquentiam
524 2983 596 3029 telum
613 2996 661 3029 esse
677 2982 750 3028 voluit
766 2980 797 3027 ad
819 2978 886 3026 Met
904 2984 928 3027 5.
945 2984 1082 3039 serpentem,
1097 2990 1181 3021 veacoo
1197 2978 1269 3039 nostia
1287 2979 1345 3023 colla

282 3044 384 3107 pericula
391 3044 468 3091 omnia
475 3044 636 3113 propulsanda,
654 3046 728 3093 lires.
748 3044 796 3090 Re·
827 3046 1013 3104 sanguinantem·
1046 3039 1187 3101 Eloquentia
1199 3039 1345 3099 sanguineas
1397 3050 1400 3052 ’

272 3108 340 3170 ,cepi
363 3108 520 3171 Schultingius
531 3110 597 3156 malit
607 3123 701 3171 quoque.
723 3108 797 3155 naa.
828 3107 956 3154 delatomm
971 3115 1012 3161 est,
1029 3105 1070 3165 qui
1084 3104 1198 3163 sanguine
1209 3104 1310 3177 aliorqm
1321 3110 1345 3150 et

273 3171 386 3252 'Picbena
393 3180 466 3247 serpat
477 3176 600 3235 cujusque,
607 3185 629 3247 ef
638 3172 695 3245 legit
707 3180 795 3250 tuetur,
817 3174 931 3241 pernicie
949 3172 1099 3225 debacante,
1121 3166 1197 3241 qualis
1218 3166 1294 3243 Eprir,
1314 3166 1345 3214 de

282 3243 311 3281 ut
324 3245 454 3283 annocentia
473 3244 495 3283 et
512 3236 641 3297 eloquentra
659 3242 705 3281 sint
721 3250 797 3296 primo
828 3249 876 3297 qua
885 3234 919 3282 A.
931 3236 969 3291 16,
983 3236 1023 3286 22.
1039 3234 1078 3279 33·
1095 3238 1220 3296 oppomtur
1235 3245 1345 3277 armacen-

173 3358 179 3371 ·
277 3308 344 3345 [casu.
365 3310 367 3315 ·
379 3297 441 3347 Cum
449 3298 530 3359 lipsio
536 3298 625 3344 faciunt
633 3298 697 3345 Brot.
708 3308 731 3345 et
742 3298 798 3359 Bip.
817 3312 819 3319 ’
829 3300 871 3344 tia.
893 3300 1008 3345 Ceterum
1017 3296 1071 3357 Bip
1080 3294 1164 3340 malint
1174 3296 1345 3355 sanguinaria.

310 3362 455 3423 Fruiturque
461 3364 550 3429 redibere
556 3361 665 3471 sacrisp.
670 3376 689 3407 e.
695 3360 734 3409 ubi
739 3362 797 3409 Mu-
829 3360 891 3408 Mox
907 3365 940 3410 Ut
947 3368 974 3407 tu
985 3361 1081 3406 dicebas.
1091 3373 1111 3403 c.
1120 3361 1142 3405 5.

283 3430 314 3475 aa
325 3436 348 3472 et
359 3424 600 3487 Nymphaehabitant.
646 3437 704 3472 ann.
861 3426 943 3472 Poetis
950 3432 973 3471 et
981 3425 1072 3471 vetitas
1078 3420 1192 3485 abundat]
1203 3420 1312 3468 Muretus
1320 3429 1345 3469 et

315 3491 375 3546 Hoc·
383 3490 491 3549 primum
510 3490 591 3534 hatita
610 3490 718 3549 uoltuque
736 3502 797 3535 omn·
828 3486 949 3536 Acidalius
972 3491 1030 3535 bene
1054 3485 1171 3547 cunigunt
1197 3486 1346 3541 abundabat,-

272 3552 351 3615 Jmoda
370 3553 522 3614 mortalibus]¹
538 3554 663 3599 Commoda
680 3553 716 3600 vel
735 3567 797 3599 omn-
829 3552 892 3614 quod
907 3552 941 3599 ita
956 3552 1048 3600 evidens
1064 3558 1105 3606 est,
1126 3556 1152 3595 ut
1168 3548 1345 3611 dudumrecipi

272 3622 314 3664 'tn
347 3612 424 3661 'Istra
457 3614 545 3661 Melius
561 3611 669 3663 Muretus
683 3631 795 3663 omnmo·
819 3617 939 3664 'debuerit
967 3615 1121 3677 Reperitpcst
1131 3612 1194 3658 sicin
1202 3612 1276 3659 MSS.
1288 3612 1347 3660 Vat.

282 3681 343 3733 dota,
355 3686 382 3725 ut
392 3677 484 3739 opinor,
492 3678 556 3740 quod
567 3688 589 3725 et
600 3678 689 3726 Schelio
702 3680 796 3743 placuit
829 3678 955 3727 Broterius.
988 3678 1059 3726 Ean.
1093 3674 1161 3722 Prius
1176 3675 1228 3722 edit.
1241 3684 1285 3723 vet
1300 3674 1360 3721 ba-⁴

281 3742 352 3791 Enn-
388 3742 511 3788 Commoda
522 3751 555 3789 est
571 3738 641 3798 utilis,
658 3740 795 3806 opportuna,
828 3744 1109 3803 bentcriminumimpoa.
1132 3738 1345 3801 Lipsinsconrexit.

274 3812 309 3853 'ut
330 3803 383 3867 Bip.
404 3805 470 3851 'bene
496 3815 599 3853 monent.
640 3808 746 3855 Broterio
773 3804 797 3855 et
860 3808 912 3853 Aut
925 3809 1005 3867 gloria
1024 3802 1151 3880 majorJE
1173 3803 1271 3865 vestigiis
1290 3802 1347 3849 scri·

192 3882 194 3885 ’
276 3868 392 3916 'Schulzio
408 3868 482 3930 placet
500 3869 600 3917 Acidalii
620 3873 795 3926 commendam
817 3878 902 3930 'ptura
918 3869 999 3932 prisca
1017 3870 1122 3916 restitut:
1147 3880 1202 3912 nam
1224 3868 1345 3914 Panacia-

281 3930 438 3979 Freinshemio
454 3935 602 3981 commodata.
827 3946 879 3990 nus,
896 3934 1031 3995 autgario
1048 3948 1119 3979 more.
1161 3929 1259 3992 Vulgari
1274 3931 1346 3993 plane

273 3994 274 3999 ’
324 3996 359 4041 Et
380 3995 543 4058 sanguinantis
569 3999 713 4060 eloquentia]
737 3996 795 4044 For·
827 3998 928 4044 turbant.
953 3998 1028 4044 ers.
1057 3998 1123 4044 Brot.
1131 3991 1245 4052 lacunam,
1253 3994 1344 4055 quaein

274 4064 347 4111 'mser
364 4062 586 4120 &saginantia'uti
601 4062 630 4108 ad
646 4060 795 4109 commodum
818 4059 940 4108 'vueribus
965 4061 1030 4109 libris
1061 4069 1101 4113 est,
1138 4054 1172 4101 ita
1202 4057 1344 4119 explendam

280 4121 400 4169 laetumve
418 4123 467 4171 haeo
484 4134 574 4171 tantum
596 4125 684 4171 referat.
729 4122 793 4171 Nam
819 4134 920 4173 censen
933 4125 978 4173 aut
991 4126 1070 4185 gloria
1084 4126 1159 4185 major
1169 4135 1274 4181 anquam
1288 4135 1343 4167 con·

264 4187 794 4251 ·sanguinareprobumquidem·verbum‚ssd
820 4185 891 4249 'tigit
1011 4239 1014 4248 ¹
1201 4203 1202 4208 ¹

277 4261 326 4296 non
347 4248 411 4297 aliud
432 4266 504 4313 quam
524 4250 661 4312 sanguinem
681 4250 792 4299 emittere.
856 4254 973 4300 Interesse
988 4252 1062 4313 epate
1077 4246 1229 4312 sersbontur]
1244 4246 1344 4296 eneam.
