3034 4967
316 268 620 331 snmus-cnon<
635 267 693 326 os
715 266 892 329 IMPERIO
915 226 1199 337 rrrrrnonnn.
1233 280 1292 337 213

221 430 341 490 missum
354 428 540 490 haereditario
561 427 703 518 deinceps
716 425 815 487 officio
834 426 967 488 inhaesit
999 430 1069 507 Ejus
1079 442 1142 499 emt
1153 432 1291 512 designa.

220 520 284 569 tum
293 508 460 587 Principem
469 507 565 586 Regio
575 508 682 584 insigm
691 505 923 586 evincire,inque
931 508 1005 569 solio
1013 511 1200 581 constituere.
1231 512 1288 573 Su.

221 607 307 647 renas
320 588 462 665 quosdam
472 586 618 647 exercitui
627 584 783 669 praefectos
794 586 1051 663 deprehendimus,
1059 608 1098 649 ex
1109 592 1214 670 quibus
1227 592 1287 665 ille,
1330 640 1334 647 .

221 666 271 746 qui
286 668 424 727 Crassum
437 666 557 736 devicit,
572 665 651 724 solus
663 683 779 742 semper
792 664 848 723 iter
862 665 999 738 faciebat,
1013 668 1093 727 mille
1104 670 1222 729 camelis
1232 672 1287 731 im·

220 745 390 823 pedimenta
401 745 597 837 portantibus,
607 742 696 822 inque
706 742 804 813 rhedis
817 763 918 805 secum
932 745 1061 807 ducebat
1071 748 1214 811 ducentas
1223 752 1288 829 pel-

220 825 302 886 lices.
336 826 461 903 Equites
472 844 539 884 eum
548 822 730 902 cataphracti
741 821 911 895 mille,levis
919 836 1074 899 armeturae
1083 830 1176 907 maior
1185 849 1287 899 nume,-

143 958 146 964 ,
220 924 270 963 rus
285 905 498 972 comitabatur;
524 903 666 983 equitum,
682 902 732 980 qui
751 912 850 960 essent
870 905 933 980 ejus
948 902 1069 965 clientes
1083 925 1119 967 ac
1132 908 1218 980 servi,
1232 910 1286 970 ha·

219 983 310 1044 bebat
330 986 437 1043 decem
455 982 563 1042 millia:
583 1001 682 1060 neque
694 992 794 1040 tamen
806 980 879 1041 illud
888 982 1042 1061 imperium
1053 985 1190 1048 bellicum
1200 987 1287 1049 officii
1377 1008 1378 1013 ¹

220 1064 283 1139 ejus
296 1063 344 1121 vel
357 1082 424 1140 pars
437 1063 484 1121 vel
497 1061 690 1143 praerogativa
701 1060 792 1119 fuisse
804 1060 931 1123 videtur.
971 1061 1119 1135 Secunde
1132 1068 1286 1144 potestatis

167 1176 172 1182 -
220 1152 284 1199 eret
298 1145 365 1220 post
377 1141 503 1220 Regem.
1135 1154 1138 1159 '

260 1220 387 1281 Surenas
399 1226 535 1298 proxime
544 1219 758 1297 contingebant
772 1216 1285 1305 CsviniiCosmaeqne‚sanguiueAr·

219 1298 352 1359 cidarum
365 1300 514 1377 prognati,
528 1300 617 1378 quiin
630 1297 860 1358 administrando
873 1298 1013 1377 Imperio,
1027 1300 1168 1361 trifariam
1181 1303 1284 1377 diviso,

220 1378 327 1455 primas
340 1390 440 1457 partes
453 1390 572 1457 tresque
587 1377 787 1438 haereditarias
808 1376 1003 1439 Praefecturas
1018 1379 1199 1452 obtinebant,
1217 1384 1284 1461 qui·¹

195 1484 199 1493 ·
219 1457 335 1535 busque
346 1457 516 1520 octodecim
535 1456 664 1536 primarii
678 1456 811 1535 Sstrspae
824 1455 908 1517 fuere
922 1458 1056 1534 subjecti.
1098 1460 1205 1539 Regna
1217 1462 1284 1525 haec

219 1535 331 1595 Plinius
344 1536 638 1616 duodevigintivocet
646 1562 656 1609 3
678 1546 867 1613 satrapasque
874 1535 928 1595 hos
937 1536 1209 1601 etistosPraefectos
1218 1542 1284 1603 Au-

218 1626 322 1692 gustus
331 1615 360 1673 in
371 1615 568 1676 Monumento
576 1618 735 1694 Aneyrano
743 1614 846 1674 Prinoi
880 1615 1192 1693 sRegesquenominat.
1222 1621 1285 1681 Lu.

220 1694 371 1755 colentum
385 1696 618 1756 eximie-eorum
632 1693 817 1753 auctoritatis
852 1698 1058 1755 ocumentnm!

259 1772 1285 1851 Satrapre,belliDuces,Magistratusqueprimariiexnobilitateersnt.

216 1851 373 1912 Proximus
385 1854 531 1930 majestati
546 1854 673 1930 Regum,
685 1851 704 1911 J
707 1852 803 1910 ustino
817 1863 903 1921 teste,
918 1851 1102 1930 optimatium
1121 1855 1194 1915 ordo
1212 1858 1285 1927 frier

159 1945 164 1952 ·
217 1950 257 1989 ex
271 1950 308 1990 eo
321 1931 425 1992 Duces
439 1932 469 1989 in
482 1932 572 2000 bello,
587 1949 677 1989 exeo
691 1930 836 1987 Rectores
849 1929 879 1987 in
894 1949 969 2007 pace
988 1930 1147 1991 habebant
1185 1934 1283 1997 Missis

216 2010 256 2070 ad
268 2013 448 2088 Augustum,
461 2010 500 2069 ad
514 2009 676 2080 Tiberium,
688 2008 726 2068 ad
737 2008 897 2078 Neronem,
910 2008 1016 2087 legatis
1027 2011 1209 2083 Parthorum,
1223 2014 1284 2091 pri·

212 2084 315 2147 *mores
335 2089 457 2167 petiere,
478 2100 513 2152 ut
529 2088 586 2149 sibi
605 2090 728 2165 Regem,
748 2106 837 2166 quem
857 2086 977 2157 vellent,
997 2088 1103 2151 liceret
1121 2090 1284 2169 praeficere.

218 2168 297 2233 Quid
307 2170 388 2247 quod
402 2186 432 2229 ct
445 2170 561 2247 Regem
571 2168 720 2247 deponere
730 2176 762 2225 et
771 2166 882 2243 pellere
893 2184 944 2225 eos
955 2166 1065 2239 videas,
1076 2188 1173 2249 neque
1184 2180 1283 2233 tomen

201 2266 319 2309 ,eorum
334 2267 511 2327 quemquam
530 2246 656 2325 Regiam
671 2245 844 2323 dignitatem
857 2244 912 2305 sibi
926 2245 1095 2325 adrogare?
1134 2250 1284 2313 Arsacidae

177 2376 181 2379 .
217 2346 321 2405 parere
330 2329 477 2387 volebant.
507 2323 1097 2405 Ortahincfrequensdissensio,imperio
1107 2328 1283 2395 Parthorum

216 2406 339 2465 tandem
350 2405 478 2477 funesta,
489 2407 574 2483 cujus
585 2422 689 2463 caussa
700 2403 856 2461 seditiosus
870 2403 1029 2493 primorum
1040 2406 1162 2468 animus.
1202 2408 1283 2468 Con-

213 2485 281 2562 jicit
290 2484 463 2545 Posidonius
477 2484 556 2561 apud
571 2482 757 2550 Strabonem,
767 2482 824 2542 duo
837 2480 1061 2543 fursseconcilia
1072 2485 1198 2544 nationis
1213 2486 1283 2545 Par·

111 2633 115 2637 .
130 2627 136 2649 .
216 2562 345 2636 thorum,
360 2583 485 2643 quorum
498 2562 624 2623 alterum
637 2581 655 2621 e
668 2559 765 2638 Regia
775 2560 876 2638 stirpe,
888 2560 1013 2619 alterum
1026 2580 1043 2619 e
1057 2563 1237 2653 sapientibus
1248 2555 1282 2625 *et

217 2640 317 2720 Magis
330 2643 431 2715 fuerit,
444 2662 510 2721 quse
519 2641 648 2722 junctim
662 2640 778 2717 Regem
793 2638 902 2717 eligere
917 2653 1130 2705 consuescunt.

255 2723 430 2783 Parthorum
443 2723 486 2783 M
519 2722 526 2735 ⁰
551 2739 628 2792 ones,
642 2738 716 2797 quos
729 2718 852 2778 Tacitus
865 2718 978 2777 nobiles
996 2719 1127 2799 itemque
1142 2722 1281 2783 inlustres

216 2810 248 2858 et
257 2800 399 2878 primores
408 2802 495 2880 adpel
508 2811 547 2870 at,
558 2800 633 2859 filias
643 2798 759 2875 Regum
768 2796 822 2857 sibi
834 2796 1066 2875 despondebant,
1079 2819 1187 2878 magno
1201 2802 1282 2861 vico-

213 2893 496 2959 rumservorumque
503 2897 626 2938 numero
634 2876 908 2956 gaudebant,inque
916 2876 995 2935 bello
1003 2877 1128 2955 plurima
1137 2893 1280 2957 equorum

247 3127 359 3191 Indoesit]
377 3124 444 3176 Kese
454 3128 510 3183 γένος
521 3123 606 3186 μὶνοῧν
618 3124 643 3186 ἒξ
652 3123 839 3189 mitissimam,
849 3120 912 3167 Plut.
925 3134 947 3169 v.
959 3118 1037 3169 Crassi
1047 3136 1066 3169 c·
1079 3125 1118 3171 21.
1126 3138 1149 3185 p.
1160 3124 1216 3173 276.
1228 3122 1293 3188 Ap:

215 3189 279 3252 pian.
290 3190 320 3237 de
329 3189 397 3238 bellis
407 3188 486 3236 Parth.
497 3204 521 3251 p.
534 3190 589 3237 140.

245 3256 280 3301 R.
290 3256 383 3316 inrigat
391 3254 504 3317 winetre]
522 3252 587 3300 Plut.
599 3260 623 3299 et
633 3250 738 3315 Appim.
747 3250 774 3297 11.
784 3265 816 3298 cc
849 3248 923 3297 Tacit.
933 3249 958 3309 6,
967 3253 1007 3297 42.

245 3321 335 3367 Decem
344 3319 432 3382 millio]
450 3318 515 3365 Plut.
526 3318 543 3365 1.
555 3333 575 3365 c

242 3386 303 3432 Post
313 3384 416 3447 Regem]
434 3382 576 3431 Ammianus
586 3382 662 3430 Marc.
673 3382 713 3437 80,
725 3385 748 3425 2.
759 3379 827 3427 idem
836 3384 924 3438 24,11.
937 3378 1050 3429 Surenam
1061 3378 1278 3443 dicitpostliegem
1347 3348 1350 3352 Ι
1418 3416 1421 3425 .

211 3446 275 3511 apud
285 3449 367 3497 Persas
377 3447 508 3513 promerito
517 3447 643 3511 digrritatis.
675 3444 747 3491 Unde
756 3451 828 3507 patet,
840 3442 974 3492 Ssssenidas
988 3436 1082 3556 quoque
1096 3444 1219 3493 Persamm
1230 3446 1279 3494 Re·

211 3528 253 3574 ges
262 3512 288 3561 id
297 3513 367 3561 officii
376 3528 484 3570 masse,
495 3512 558 3576 qnod
568 3526 623 3559 cnm
638 3508 815 3569 Comestabil'u,
827 3508 894 3557 renis
909 3506 940 3555 sit
951 3510 1029 3571 verbo,
1057 3508 1163 3573 ignitste,
1173 3525 1226 3575 quse
1237 3525 1279 3559 an·

213 3577 280 3625 tehac
288 3578 314 3625 in
325 3577 404 3625 Gallis
414 3576 498 3640 viguit,
509 3575 639 3639 plurimum
650 3572 806 3622 conveniebat.
934 3600 938 3609 ι

246 3643 311 3690 Haer.
323 3642 495 3706 Proeficturar]
512 3640 593 3687 Moses
603 3640 703 3687 choreo.
714 3636 769 3685 bist.
780 3636 907 3698 Armeniis,
915 3641 939 3693 2,
950 3642 991 3687 65.

249 3708 333 3771 Vocet]
350 3710 374 3762 6,
387 3711 417 3757 25
429 3703 494 3771 (29).
512 3704 549 3754 cf.
561 3704 638 3752 Mem.
647 3702 677 3749 de
686 3701 781 3750 l'Aoad.
791 3701 831 3749 des
842 3702 916 3763 inser.
927 3710 945 3749 t.
960 3708 997 3751 19.
1005 3716 1030 3764 p.
1043 3702 1097 3752 107.
1119 3738 1120 3741 ¹

248 3773 320 3819 Mon.
331 3771 472 3835 Ancyrmw]
489 3769 551 3818 Teb.
562 3774 587 3818 3.
597 3784 613 3815 s
622 3768 710 3815 dextra.

245 3837 380 3900 Habebunt]
398 3836 439 3895 41,
451 3840 473 3883 2.
486 3835 559 3883 Recte
569 3832 602 3881 ibi
613 3830 744 3881 Gmnovins
753 3832 903 3893 optimorum
913 3844 955 3893 pro
965 3830 1029 3895 vulg.
1038 3833 1189 3894 populorum.

247 3902 354 3965 Petiere]
371 3900 469 3949 Tacitus
479 3901 503 3954 2,
515 3902 538 3946 2.
551 3899 577 3957 6,
588 3897 628 3945 31.
642 3898 681 3954 12,
694 3896 730 3944 10.

245 3965 303 4013 Ars.
310 3980 367 4027 par.
377 3966 459 4027 veleb]
477 3962 576 4017 Idemo,
587 3962 627 4009 31.
640 3963 679 4009 40.
691 3964 716 4021 2,
730 3964 751 4007 l.

244 4030 293 4091 Ap.
307 4030 453 4092 Stratonem]
471 4027 501 4075 1.
515 4028 552 4073 ll.
564 4044 588 4090 p.
601 4028 656 4074 515.

243 4096 354 4142 Junettm
365 4095 397 4142 R
407 4094 505 4156 eligere]
522 4092 612 4156 Sequor
623 4089 807 4139 emendationem
823 4088 917 4153 Ryckii,
929 4090 971 4153 qni
981 4087 1012 4135 od
1025 4086 1135 4137 Tacitum
1146 4092 1171 4149 2,
1186 4097 1207 4139 1.
1217 4094 1281 4157 apud

193 4174 195 4178 '
211 4158 350 4207 Stratonos
359 4159 411 4207 1000
421 4160 447 4222 ἐξ
455 4157 484 4209 dt
492 4160 574 4221 ἆμφοῒν
581 4156 634 4215 roric
640 4152 742 4215 βασιλεῖς
749 4152 888 4207 καθίστησιν
895 4154 953 4215 legit
960 4154 999 4215 ἀφ’
1011 4156 1039 4202 tit
1047 4152 1136 4217 (potius
1144 4152 1184 4217 tir)
1194 4158 1281 4223 ἀμφοῖν,
1363 4198 1367 4209 .

213 4226 243 4271 ab
253 4230 358 4284 utroque.

218 4322 222 4334 .
247 4288 406 4351 Magistra]
425 4287 489 4335 Suet.
502 4285 576 4348 Cnlig.
588 4300 608 4333 c.
620 4288 643 4331 5.

249 4353 299 4400 rot.
308 4360 331 4401 et
336 4354 466 4417 primores]
483 4352 549 4399 Ano.
560 4354 584 4405 2,
596 4352 619 4397 2.
631 4348 656 4403 6,
667 4349 706 4395 31.
721 4349 759 4409 12,
774 4349 810 4408 1,,2.

250 4418 398 4480 caussas]
416 4416 512 4479 serpo
523 4416 554 4461 A.
569 4417 608 4471 ua
619 4417 644 4472 s,
656 4415 680 4471 o,
691 4414 714 4459 o.
777 4416 783 4435 ³

248 4477 372 4543 squorrtm
383 4482 460 4544 eopia]
479 4480 526 4528 Dio
536 4481 577 4538 dd,
590 4480 626 4526 lo.
