3034 4967
208 263 264 328 144
547 259 578 317 J.
599 259 718 320 Lll'Sll
742 257 966 332 EXCURSUS

202 425 415 508 δρηλατεῖτθαι,
428 418 501 504 μήτε
510 423 669 494 ,nicoma
683 417 744 505 ὅπερ
758 423 844 486 oliui
854 425 913 490 otii
925 428 983 489 mir
991 425 1083 499 Graiu,
1096 427 1288 509 etirreire'nl

201 505 251 568 rei
261 503 405 582 Ῥωμύλου
419 502 584 582 γινομένων,
598 503 777 564 ἐδεδώκεσαν.
816 508 892 571 Quae
912 519 1063 584 postrema
1075 508 1182 572 Dionis
1197 524 1286 573 caute

202 585 280 675 lege.
315 584 428 642 Vereor
442 584 531 653 enim,
542 595 575 641 ut
589 595 677 648 erret.
712 585 790 642 Nam
804 598 913 663 prester
927 587 1047 646 Romuli
1057 588 1183 667 asylum,
1196 591 1284 648 etiam

201 664 309 724 Dranae
323 661 352 720 in
365 662 510 722 Aventino
525 672 626 721 monte
647 663 789 741 templum
803 665 883 722 idem
901 667 949 742 jus
962 665 1079 733 habaiu
1101 669 1183 745 quod
1203 669 1284 730 clare

201 754 285 804 notat
298 740 459 819 Dionysius
475 741 659 800 Halicarnas.
673 743 776 821 Antiq.
788 748 819 811 4,
830 747 879 804 26.
914 741 976 803 Sed
988 745 1044 804 sub
1053 744 1283 824 Imperatoribus

201 833 300 882 tamen
323 819 449 881 maxime
473 819 613 885 invaluit:
636 839 692 878 nec
713 822 826 900 templa
844 823 949 892 solum,
971 823 1026 882 sed
1045 835 1152 886 satuae
1179 846 1282 892 eorum

200 901 401 978 imaginesque
415 898 523 977 passim
538 899 705 978 perfugium
719 902 821 962 servis.
849 902 966 961 Seneca
976 903 1181 964 ‹leclementia
1197 911 1222 974 l,
1238 910 1282 966 18.

200 979 296 1040 Seruis
310 980 350 1038 cd
360 987 482 1040 statuum
497 977 561 1038 lr'cct
575 978 742 1068 corffugere:
764 1001 827 1040 cum
839 982 871 1040 in
885 1001 996 1042 emnam
1010 983 1104 1042 omnia
1117 983 1230 1053 liceant,
1240 995 1282 1044 est

199 1060 322 1140 aliquid,
343 1059 419 1136 quod
437 1057 626 1138 inhominem
647 1061 733 1118 licere
753 1080 896 1121 commune
914 1065 966 1138 jus
986 1062 1174 1122 animantium
1195 1074 1280 1124 aetat.

200 1139 344 1218 Ulpianus
365 1139 395 1196 in
414 1137 574 1198 Pithoeanis
595 1136 792 1214 Fragmentis:
813 1140 939 1218 Ideoque
953 1161 1084 1222 cognosce
1104 1143 1141 1201 de
1160 1142 1281 1222 querelis

198 1218 323 1288 illorum,
338 1217 388 1296 qui
404 1239 438 1278 ea
450 1216 568 1295 familia
581 1214 657 1274 Julii
672 1217 774 1276 Sabini
785 1219 827 1276 ad
837 1230 959 1277 statuum
973 1220 1168 1300 corqugerunt,
1182 1232 1211 1280 et
1223 1229 1281 1282 sice

199 1299 296 1358 durius
311 1296 411 1368 tabiit,
426 1316 510 1375 quam
524 1315 645 1374 oeqeum,
660 1293 704 1354 net
724 1296 825 1388 infami
837 1296 947 1374 injuria
959 1298 1084 1380 adfectos
1104 1302 1278 1381 cognoveris,

199 1376 380 1455 conirejubc,
393 1375 463 1436 utin
495 1383 638 1434 otestatcm
650 1375 749 1434 Sabini
758 1397 814 1435 non
823 1385 1008 1438 reuertuntur.
1029 1379 1124 1440 Etiam
1133 1381 1278 1458 ingenuis,

198 1457 305 1534 iniuria
318 1453 453 1524 adfectis,
469 1397 599 1514 Sueton.
610 1452 639 1511 in
653 1455 727 1530 Aug.
745 1457 789 1520 17.
811 1456 1114 1535 Antoniumjuoenem,
1130 1503 1136 1518 .
1152 1505 1160 1518 .
1175 1459 1280 1527 .sinu·‚

198 1538 276 1596 locro
290 1537 332 1596 D.
350 1534 433 1604 tutti,
445 1533 572 1613 adquod
581 1541 646 1629 gost
660 1533 762 1594 multas
776 1545 803 1594 et
817 1535 917 1595 irritas
925 1557 1023 1627 preces
1035 1540 1213 1617 corfirgernt,
1226 1539 1278 1597 ab·

197 1624 305 1696 reptem
326 1613 475 1674 interemit.
516 1611 551 1670 Iu
566 1611 585 1670 'l
594 1612 686 1671 iberia
699 1616 748 1674 53.
765 1614 801 1672 de
815 1615 994 1692 Agrippina:
1020 1616 1179 1676 Nouissime
1198 1617 1279 1676 calu«

196 1695 320 1754 mrriatus
329 1694 409 1754 modo
418 1693 457 1753 ad
464 1699 586 1752 statuam
598 1691 729 1772 Augusti,
741 1694 823 1752 modo
832 1694 872 1752 cd
878 1696 1026 1762 sancitus,
1038 1699 1190 1776 confugere
1200 1696 1281 1758 velle.

198 1776 319 1852 Resque
334 1792 371 1832 eo
386 1771 490 1840 evasit,
509 1782 541 1828 ut
559 1790 618 1830 non
638 1770 762 1850 periculi
778 1773 873 1832 solum
885 1772 959 1849 fuga
976 1773 1074 1851 imago
1087 1775 1278 1852 imperatoris

197 1864 286 1924 esset,
300 1851 353 1912 sed
365 1849 519 1911 calumnier
534 1851 658 1910 occasio.
688 1849 733 1908 Ea
747 1863 876 1929 arrepta,
891 1851 999 1910 inferre
1007 1852 1143 1930 injuriam
1155 1853 1278 1924 licebat,

195 1952 255 1992 non
265 1932 361 1990 solum
371 1931 475 1990 vitare.
496 1929 590 1988 Vides
604 1929 653 1988 hic
663 1929 693 1986 in
708 1928 834 1991 Tacito:
857 1943 887 1990 et
898 1931 1049 2009 eleganter
1059 1931 1089 1990 in
1099 1931 1279 1992 Philostrato

195 2011 245 2074 De
256 2012 315 2070 vita
330 2009 480 2089 Apollonii
500 2014 525 2078 l,
544 2013 590 2070 15.
623 2008 709 2076 Erat,
720 2010 772 2079 ait,
782 2010 863 2090 apud
872 2012 1029 2088 Aspendios
1042 2010 1149 2091 asylum
1161 2011 1278 2082 liberii,
1360 2028 1364 2032 ·

196 2101 355 2170 mutuaque
375 2088 532 2149 sanctiores
553 2088 611 2150 iliis
635 2089 665 2145 in
687 2088 754 2147 locis
781 2089 1066 2169 nenerolitioresque,
1089 2111 1174 2168 quam
1196 2091 1279 2151 Jocis

177 2169 328 2251 .thmpti
340 2168 520 2228 simulacrum
530 2166 722 2230 tacebantur:
743 2166 784 2224 ita
796 2177 827 2224 ut
840 2169 992 2247 impietatis
999 2169 1151 2230 demamus
1162 2171 1276 2248 quidam

183 2251 295 2330 fuerit,
304 2249 380 2328 quad
387 2267 579 2308 seruumsuum
586 2244 765 2315 uerberasset,
772 2246 822 2324 qui
829 2246 1160 2327 drachmamargcnteam
1171 2248 1279 2308 Tiberii

194 2329 318 2407 imagine
337 2327 480 2407 signatam
498 2325 636 2406 gestabat.
677 2325 784 2401 Itaque
801 2327 1004 2384 subvenerunt
1024 2346 1094 2385 mox
1113 2327 1214 2404 leges;
1234 2340 1276 2395 et,

199 2408 245 2470 Ne
253 2409 293 2466 cd
300 2416 409 2466 statuas
421 2403 465 2465 uel
478 2405 613 2496 imagines
626 2405 688 2482 quis
699 2405 858 2494 confugiat,
873 2406 995 2464 Senatus
1005 2408 1132 2478 censui,
1147 2427 1275 2486 curaque,

196 2489 247 2569 qni
261 2487 416 2566 imaginem
431 2487 557 2545 Coesarts
565 2483 701 2544 inuidiam
713 2483 828 2542 alterius
833 2483 1015 2563 pretulisset,
1024 2484 1054 2543 in
1062 2486 1154 2544 uincla
1159 2487 1276 2565 publica

194 2567 318 2628 coerceri
328 2565 368 2624 D.
383 2565 453 2624 Pius
466 2564 621 2640 rescripsit,
638 2563 678 2620 ait
691 2562 875 2620 Callistratus
889 2564 908 2621 l.
921 2567 969 2623 28.
988 2566 1026 2622 de
1040 2565 1144 2641 poenis.
1174 2567 1277 2625 Sedet

195 2656 301 2708 statuas
316 2644 449 2703 Deorum
468 2643 574 2700 eodem
590 2643 676 2718 jure:
703 2640 805 2717 itaque
829 2643 1004 2718 quibusdam
1028 2643 1219 2720 adscriptum,
1244 2645 1274 2704 Α

194 2745 279 2784 servo
292 2745 352 2785 non
367 2724 456 2802 tangi,
473 2722 586 2780 Lauinii
602 2737 765 2777 marmorea
777 2721 854 2776 basis
868 2721 948 2798 apud
958 2722 1047 2781 Grut.
1061 2743 1091 2800 p.
1103 2725 1154 2794 57,
1168 2728 1197 2782 2.
1216 2742 1276 2784 us-

194 2825 318 2866 voerro.
334 2824 420 2864 sace.
436 2823 504 2862 noc.
520 2821 650 2860 sronvn.
665 2821 692 2857 a.
710 2819 818 2860 saevo.
834 2822 1064 2862 carcamusas.
1079 2823 1147 2862 ess.

716 3036 745 3096 G

598 3195 690 3256 one.
711 3166 872 3256 xxxvii.

232 3361 359 3419 chsnr
373 3357 401 3417 ἐν
414 3356 547 3435 παρέργῳ
559 3353 657 3414 lucem
671 3355 771 3418 facere
785 3356 897 3432 optimo
910 3354 1058 3434 scriptori,
1069 3356 1120 3435 qui
1132 3377 1210 3436 sepe
1221 3377 1274 3417 uo·

192 3439 248 3501 bis.
268 3439 333 3514 Ego
347 3455 406 3492 non
417 3435 489 3494 alios
501 3434 665 3492 censuerim
673 3435 787 3516 gladios
797 3435 970 3504 Drusianus,
982 3455 1070 3512 quam
1081 3435 1158 3506 illos,
1168 3436 1275 3515 quibus

193 3518 238 3577 usi
252 3515 442 3594 gladiatores.
481 3515 551 3574 Mos
565 3513 651 3582 enim,
670 3517 841 3594 priusquam
859 3512 941 3590 paria
961 3514 1225 3586 committerentur,
1240 3527 1274 3577 ut

192 3599 274 3665 sicae,
288 3594 349 3654 sive
363 3591 463 3669 gladii,
477 3593 585 3669 quibus
599 3595 768 3670 pugnaturi,
783 3592 890 3650 editori
913 3593 1032 3670 publice
1051 3594 1274 3665 exhiberentur,

192 3677 303 3736 satisne
317 3684 415 3731 essent
429 3671 520 3730 acuti.
561 3671 720 3732 Suetonius
735 3675 765 3732 in
779 3673 849 3730 Tito
866 3676 894 3732 9.
917 3671 954 3728 de
969 3672 1129 3750 conjuratis
1142 3674 1275 3735 duobuss

195 3755 326 3816 Ceteram
335 3753 410 3833 ipsos
424 3771 480 3810 non
494 3752 738 3888 solnmsumiliari
748 3773 837 3811 coence
856 3750 996 3819 adtribuit,
1010 3752 1061 3810 sed
1073 3761 1100 3812 et
1121 3753 1276 3831 insequenti

192 3835 240 3894 dic
250 3833 444 3914 gladiatorum
452 3840 580 3908 spectacu
594 3851 618 3900 o,
631 3833 706 3890 circo
720 3853 750 3892 se
759 3852 797 3890 ar
810 3830 952 3889 industria
964 3830 1106 3890 collocatis
1114 3829 1208 3891 oblita
1219 3831 1276 3902 sibi

192 3922 359 3974 ornamento
366 3910 557 3991 pugnantium
571 3909 748 3988 inspicienda
757 3909 896 3990 porrexit.
928 3909 979 3967 Ad
988 3930 1077 3989 quem
1089 3910 1188 3969 locum
1202 3911 1276 3980 nillil

108 4016 115 4028 ·
192 3992 293 4051 videre
307 3991 493 4068 interpretes,
511 3989 604 4066 (quod
619 4010 672 4068 per
686 3993 812 4068 gratiam
825 4008 927 4047 eorum
943 3989 1055 4066 dicam)
1077 3988 1150 4048 scio.
1184 3990 1276 4048 Intel-

191 4069 257 4148 ligit
268 4070 426 4136 Suetonius
435 4069 489 4127 hos
500 4068 578 4145 ipsos
587 4069 701 4141 gladios
710 4089 747 4126 ex
756 4067 1008 4144 morejarndicto:
1022 4069 1150 4145 ideoque
1159 4067 1275 4138 Victor,

185 4149 304 4230 petiisse
318 4169 381 4208 eum
392 4148 521 4226 gladium
536 4147 614 4216 dicit,
629 4149 711 4226 quusi
721 4145 761 4205 ad
772 4145 975 4226 explorandam
988 4149 1089 4208 aciem.
1119 4145 1179 4204 Sed
1189 4166 1276 4226 aperf

191 4229 250 4288 tius
265 4227 327 4306 ipse
342 4227 445 4298 Dicin
458 4227 557 4287 Nerva
570 4229 620 4296 48,
637 4234 665 4285 3.
680 4225 717 4284 de
731 4229 838 4286 Crasso
852 4236 883 4284 et
898 4225 1059 4308 Calpurnio
1069 4229 1099 4288 a,
1139 4231 1274 4305 napaea-

468 4403 471 4408 ·
534 4391 664 4458 *Lagedc
678 4359 812 4461 Calpurnio
825 4394 956 4455 Cenem·
1032 4401 1037 4414 ·
