3034 4967
237 191 292 250 158
565 192 593 249 J.
608 191 728 253 LIPSII
750 189 970 251 EXCURSUS

235 353 376 415 OESSE.
399 354 633 417 HABVERIT.
655 355 958 417 SVCOVMBERE.
973 355 1076 415 cVM
1090 357 1217 417 DOMI.
1231 359 1304 420 RE-

236 433 531 494 PELLERETVR.
558 436 597 494 A.
627 435 859 495 GERENDIS.
894 436 1158 498 HONORIBVS
1185 439 1304 499 POST-

233 512 370 584 QVAM.
399 514 570 575 ROMAM
600 515 828 574 MIGRAVIT.
863 514 1061 574 REGNVM.
1092 517 1303 578 ADEPTVS.

235 591 323 650 EST.
345 593 460 654 HVIC.
482 595 672 667 QVOQVE.
693 595 757 653 ET.
787 595 913 653 FILIO
940 595 1171 656 NEPOTIVE.
1192 598 1304 657 EIVS.

233 671 341 729 NAM.
368 674 432 731 ΕΤ
467 674 564 732 HOC.
600 671 744 731 INTER
778 673 1015 733 AVCTORES.
1049 675 1302 736 DISCREPAT.

235 749 455 811 INSERTVS.
477 753 672 810 SERVIVS
698 751 892 811 TVLLIVS.
920 753 968 811 SI.
1002 753 1206 814 NOSTROS
1235 756 1302 814 SE-

233 829 418 899 QVIMVR.
440 831 638 890 CAPTIVA.
658 831 746 890 NAT
750 831 811 890 VS
834 828 1029 890 OCRESIA.
1051 833 1099 891 SI.
1127 834 1301 895 TVSGOS.

233 907 372 987 CAELI.
391 911 623 982 QVONDAM.
644 908 1301 972 V1VENNAE.SODALIS.F1DELIS-

232 975 373 1048 SIMVS.
404 990 520 1048 OMNI
506 990 645 1062 ISQVE.
680 990 791 1047 EIVS.
820 989 964 1050 CASVS.
1000 991 1153 1049 COMES.
1179 991 1301 1050 POST.

231 1065 368 1137 QVAM
390 1068 538 1130 VARIA.
563 1069 780 1128 EORTVNA.
807 1069 1014 1128 EXACTVS.
1038 1071 1140 1128 CVM.
1169 1072 1299 1131 OMNI-

230 1145 321 1204 BVS.
341 1146 570 1220 RELIQVIIS.
596 1147 814 1207 CAELIANI.
828 1148 1080 1207 EXERCITVS.
1095 1149 1299 1209 ETRVRIA.

229 1223 443 1286 EXCESSIT.
473 1227 674 1286 MONTEM.
713 1227 922 1285 CAELIVM
951 1227 1206 1288 OOCVPAVIT.
1233 1230 1298 1288 ET.

228 1302 266 1361 A.
294 1304 420 1364 DVOE.
435 1305 526 1365 SVO
555 1306 723 1365 CAELIO.
752 1306 835 1365 ITA
864 1306 1193 1366 APPELLITATVS.
1214 1308 1299 1367 MV·

228 1382 440 1456 TATOQVE.
481 1385 672 1446 NOMINE.
710 1386 815 1444 NAM.
857 1385 1003 1444 TVSCE.
1050 1385 1289 1446 MASTARNA

228 1459 283 1518 ΕΙ.
320 1464 492 1524 ΝΟΜΕΝ.
526 1464 650 1524 ERAT.
686 1464 767 1522 ITA.
802 1463 1092 1523 APPELLATVS.
1120 1465 1206 1525 EST.
1233 1465 1296 1528 VT.

226 1539 331 1599 DIXI.
347 1543 410 1601 ΕΤ.
425 1543 624 1602 REGNVM.
639 1543 805 1602 SVMMA.
821 1543 923 1602 CVM.
932 1543 1044 1601 REIP.
1055 1543 1296 1604 VTILITATE.

227 1619 442 1681 OPTINVIT.
469 1623 648 1680 DEINDE.
684 1622 925 1693 POSTQVAM.
962 1621 1186 1693 TARQVINI.
1229 1623 1296 1682 SV-

226 1698 367 1758 PERBI.
382 1701 541 1760 MORES.
563 1702 710 1761 INVISI.
726 1701 927 1761 CIVITATI.
950 1700 1161 1760 NOSTRAE.
1183 1702 1297 1764 ESSE.

226 1777 497 1839 COEPERVNT.
522 1780 622 1851 QVA
644 1780 792 1839 IPSIVS.
815 1780 914 1852 QVA.
936 1779 1164 1841 FILIORVM
1185 1781 1297 1846 EIVS.

225 1847 389 1916 NEMPE.
405 1859 678 1918 PERTAESVM.
693 1861 777 1920 EST.
798 1861 969 1919 MENTES.
990 1860 1124 1918 REGNI
1145 1862 1205 1921 ET.
1226 1863 1294 1921 ΑΙ).

224 1937 440 1998 CONSVLES.
461 1941 634 2000 ANNVOS.
646 1940 942 1998 MAGISTRATVS.
955 1939 1294 2000 ADMINISTRATIO.

225 2018 325 2076 REIP.
346 2019 595 2078 TRANSLATA.
616 2019 740 2078 EST.

304 2097 414 2170 QVID.
430 2098 552 2157 NVNC.
576 2098 886 2158 COMMEMOREM.
913 2096 1183 2156 DICTATVRAE.
1198 2099 1292 2160 HOC.

224 2176 323 2235 IPSO.
337 2177 575 2235 CONSVLARI.
589 2177 803 2236 IMPERIVM.
819 2177 1056 2235 VALENTIVS.
1065 2179 1292 2237 REPERTVM.

222 2256 342 2313 APVD.
364 2257 553 2316 MAIORES.
577 2257 772 2315 NOSTROS.
796 2255 892 2330 QVO.
916 2256 970 2314 IN.
990 2256 1293 2316 ASPERIORIBVS.

222 2335 371 2394 BELLIS.
392 2335 483 2394 AVT
505 2336 557 2394 IN.
577 2335 712 2394 CIVILI.
740 2335 868 2394 MOTV
895 2335 1178 2395 DIFFICILIORE.
1200 2337 1291 2416 VTE3

223 2414 393 2474 RENTVR.
405 2416 494 2472 AVT.
503 2416 554 2473 IN.
563 2415 776 2473 AVXILIVM.
790 2414 939 2473 PLEBIS
950 2415 1143 2474 CREATOS
1152 2416 1292 2474 TRIBV-

221 2493 309 2551 NOS.
325 2494 473 2552 PLEBEI.
485 2495 597 2568 QVID.
610 2497 649 2552 A.
660 2491 924 2553 CONSVLIBVS.
935 2495 1001 2551 AD.
1015 2494 1291 2555 DECEMVIROS.
1336 2498 1338 2505 '

220 2573 506 2632 TRANSLATVM.
534 2573 744 2630 IMPERIVM.
767 2573 1015 2644 SOLVTOQVE.
1037 2574 1199 2632 POSTEA.
1222 2575 1290 2634 DE·

222 2651 454 2711 CEMVIRALI.
480 2653 625 2710 REGNO.
651 2653 717 2710 AD.
745 2652 962 2711 CONSVLES.
991 2652 1153 2711 RVRSVS.
1178 2654 1289 2712 REDI-

220 2731 317 2790 '.sVM
324 2732 436 2805 QVID.
448 2731 572 2789 IMP.·:
589 2730 734 2789 ·:.VRIS
742 2730 1033 2788 DISTRIBVTVM.
1040 2732 1289 2792 CONSVLARE.

223 2809 432 2869 IMPERIVM.
449 2775 743 2882 TRIBVNOSQVE.
758 2810 947 2868 MILITVM.
960 2811 1200 2870 CONSVLARI.
1220 2811 1289 2871 IM-

220 2889 348 2950 PERIO.
370 2889 634 2948 APPELLATOS.
660 2889 741 2962 QVI.
768 2888 868 2946 SENI.
892 2889 953 2947 ΕΤ.
975 2889 1107 2948 SAEPE
1125 2890 1288 2950 OCTONI.

220 2969 497 3028 CREARENTVR.
543 2968 654 3041 QVID.
692 2967 1026 3028 COMMVNICATOS.
1061 2967 1288 3030 POSTREMO.

220 3047 316 3106 CVM.
344 3048 478 3108 PLEBE.
507 3047 708 3107 HONORES.
728 3048 826 3105 NON.
853 3046 1004 3105 IMPERI.
1026 3045 1170 3104 SOLVM.
1201 3048 1289 3109 SED.

220 3125 580 3188 SACERDOTIORVM.
595 3127 773 3200 QVOQVE
788 3127 873 3185 IAM.
896 3126 941 3185 SI.
955 3124 1136 3183 NARREM.
1149 3125 1287 3186 BELLA.

220 3206 255 3262 A.
272 3206 431 3277 QVIBVS.
452 3205 689 3267 COEPERINT.
711 3205 902 3264 MAIORES.
928 3203 1088 3263 NOSTRI.
1112 3205 1173 3262 ET.
1194 3204 1287 3278 QVO.

125 3345 128 3352 ,
219 3284 558 3344 PROCESSERIMVS.
581 3283 749 3351 VEREOR.
768 3284 830 3342 ΝΕ.
851 3283 982 3342 NIMIO.
1005 3283 1288 3344 INSOLENTIOR.

220 3361 325 3422 ESSE.
350 3365 513 3424 VIDEAR.
534 3364 594 3421 ΕΤ
618 3363 844 3436 QVAESISSE.
874 3361 1166 3421 IACTATIONEM.
1190 3364 1284 3422 GLO-

220 3441 325 3501 RIAE.
339 3443 520 3504 PROLATI
543 3443 707 3502 IMPERII.
729 3443 869 3500 VLTRA.
893 3441 1102 3504 OCEANVM.
1125 3443 1210 3503 SED.
1232 3443 1285 3500 IL·

219 3520 307 3580 LOC.
323 3521 715 3582 POTIVS.REVERTAR.
729 3520 962 3582 CIVITATEM
