3034 4967
245 289 283 349 52
605 286 659 345 DE
680 281 945 343 OllA'l'OlllBUS

285 469 344 509 rem
355 458 386 509 et
395 446 583 525 pulchriorem
595 449 751 507 orationem
761 456 791 507 et
805 445 947 524 poeticum
957 446 1097 507 decorem.
1136 448 1185 504 21.
1194 446 1241 503 22.
1253 439 1307 503 Di·

283 529 394 607 judicat
408 526 565 603 deinAper
581 526 672 595 Calvi,
688 526 787 593 coelit,
799 526 936 593 Caesaris,
951 524 1044 593 Bruti,
1066 523 1174 594 Asinii,
1188 523 1308 581 Coruini

286 607 430 666 orationes
444 615 474 662 et
487 604 622 673 carmina,
636 614 666 664 et
681 606 822 681 praecipue
835 602 994 671 Ciceronis,
1012 603 1092 678 cujus
1113 604 1209 661 laudes
1227 603 1308 660 canit

286 695 317 743 et
330 684 402 746 vitia
422 684 616 759 reprehendit,
634 702 699 760 qum
713 682 776 741 sola
792 682 934 757 perversis
954 681 1146 740 imitatoribus
1166 681 1307 757 placeant.

286 764 336 821 23.
350 762 452 820 Veram
466 780 530 819 esse
541 762 712 837 eloquentia
725 768 824 827 artem,
836 760 1018 835 antiquorum
1031 759 1177 817 letissima
1187 776 1309 836 quasque

287 840 393 897 imitari
407 848 467 898 eta
481 841 644 898 recentibus
658 838 781 897 feliciter
793 846 907 914 reperta
920 840 1050 897 miscere.

325 921 374 975 24.
394 918 458 976 Jam
473 917 621 975 Maternus
641 918 773 976 hortatur
792 916 958 981 Messalam,
973 927 1017 984 nt,
1036 915 1124 974 missa
1142 914 1308 973 laudatione

287 996 475 1073 antiquorum,
496 994 544 1072 qni
565 996 615 1053 illa
635 1014 693 1053 non
713 994 872 1069 indigeant,
891 1013 1006 1052 caussas
1027 1002 1187 1070 expromat,
1206 1013 1256 1051 cur
1276 992 1307 1051 in
1373 1026 1378 1034 ·

287 1082 399 1132 tantum
414 1076 450 1133 ab
463 1092 561 1131 eorum
575 1072 737 1149 eloquentia
749 1072 902 1131 recesserit
913 1072 1054 1132 recentior
1060 1082 1140 1130 aetas.
1167 1075 1213 1129 25.
1225 1072 1307 1131 Mes-

287 1153 348 1211 sala
368 1161 475 1227 mpnet,
490 1151 606 1227 quinam
620 1150 731 1227 antiqui
745 1150 860 1208 dicendi
873 1176 880 1220 3
905 1150 1001 1226 plures
1016 1151 1104 1210 inisse
1116 1150 1229 1207 dicendi
1249 1152 1307 1209 sor·

287 1249 347 1289 mas
361 1230 460 1289 iisdem
472 1229 584 1287 saeculis
594 1255 603 1300 ;
626 1231 720 1295 docet,
734 1229 801 1304 quid
813 1229 993 1286 sentiendum
1004 1231 1040 1287 de
1050 1228 1213 1305 eloquentia
1224 1227 1306 1286 Calvi

286 1318 317 1369 et
331 1317 501 1376 ceterorum,
512 1308 659 1384 dequibus
671 1325 736 1364 mox
746 1306 852 1364 dictum
862 1332 871 1377 ;
888 1306 978 1375 addit,
990 1309 1064 1385 quod
1076 1327 1106 1365 se
1118 1308 1307 1365 obtrectarint

286 1386 417 1453 invicem,
428 1385 525 1445 vitium
537 1404 600 1443 esse
611 1405 668 1443 non
679 1394 834 1452 oratorum,
843 1385 894 1443 sed
904 1386 1057 1446 hominum.
1083 1388 1132 1445 26.
1143 1385 1175 1443 C.
1186 1384 1308 1443 Gracchi

287 1463 423 1542 impetum
437 1472 468 1521 et
481 1464 516 1520 L.
526 1463 622 1521 Crassi
636 1462 829 1521 maturitatem
843 1464 1046 1538 praeferendam
1060 1483 1123 1523 esse
1137 1463 1306 1522 calamistris

286 1542 457 1612 Maecenatis
475 1549 523 1598 ant
544 1541 695 1599 tinnitibus
707 1540 859 1598 Gallionis.
899 1541 1031 1599 Cassium
1054 1542 1187 1600 Severum
1206 1560 1308 1617 parum

286 1618 390 1678 habere
404 1619 560 1697 sanguinis,
574 1628 604 1679 et
625 1620 721 1677 rixare
740 1619 831 1694 magis
845 1636 931 1693 quam
951 1638 1086 1695 pugnare,
1100 1638 1155 1677 nec
1168 1619 1306 1678 adtulisse

287 1697 409 1773 Aprum,
424 1716 506 1774 quem
521 1697 652 1759 Ciceroni
666 1697 710 1755 vel
721 1695 828 1753 Caesari
839 1707 1006 1772 opponeret.
1046 1700 1173 1760 27—29.
1185 1697 1306 1756 Petente

278 1775 431 1842 Materno,
445 1776 481 1834 ad
494 1775 675 1853 explicandas
687 1793 804 1834 caussas
815 1775 920 1833 transit
930 1775 1067 1843 Messala,
1078 1794 1130 1833 cur
1140 1775 1306 1852 eloquentie

287 1863 448 1932 ceteraeque
458 1864 531 1913 artes
542 1874 559 1911 a
570 1864 665 1914 vetere
677 1853 770 1930 gloria
779 1853 970 1919 desciverint;
986 1854 1123 1913 desidiam
1134 1854 1306 1930 juventutis,

285 1932 486 2010 negligentiam
494 1931 841 2011 parentum,inscientiam
850 1933 1124 2009 praecipientiumet
1134 1932 1305 1991 oblivionem

286 2012 373 2069 moris
395 2012 514 2089 antiqui.
550 2011 704 2075 Ostendit,
727 2010 804 2084 apud
824 2009 958 2083 antiquos
982 2030 1107 2069 severam
1128 2020 1159 2069 et
1178 2020 1306 2070 sanctam

285 2088 374 2147 fuisse
386 2089 537 2147 liberorum
549 2088 746 2146 educationem
758 2111 767 2156 3
784 2086 860 2161 apud
873 2087 1046 2145 recentiores
1061 2090 1097 2145 ad
1109 2089 1305 2149 histrionalem

286 2166 410 2224 favorem
424 2165 574 2223 deflexisse
584 2173 615 2223 et
628 2166 768 2220 rhetores.
808 2165 935 2221 30-32.
948 2164 994 2222 Ex
1004 2166 1188 2240 ingenuarum
1201 2169 1306 2226 artium

288 2243 409 2301 scientia
429 2250 459 2301 et
479 2242 557 2299 varia
576 2241 736 2299 eruditione
755 2241 918 2299 exundasse
937 2242 1081 2319 antiquam
1101 2242 1307 2319 eloquentiam,

287 2320 364 2397 quod
385 2318 532 2379 Ciceronis
556 2318 686 2396 exemplo
706 2325 824 2394 pateat3
852 2319 963 2378 illarum
987 2328 1163 2379 contemtum
1186 2324 1305 2397 primam

287 2417 351 2456 esse
364 2407 510 2476 corruptae
523 2397 694 2473 eloquentiae
707 2416 854 2457 caussam:
880 2400 1008 2457 33-35.
1022 2407 1083 2456 tum
1092 2399 1214 2473 juvenes
1225 2403 1305 2471 olim,

287 2474 444 2536 domestica
456 2476 611 2552 disciplina
631 2477 761 2542 inbutos,
773 2477 912 2535 deductos
932 2494 996 2535 esse
1015 2477 1052 2534 ad
1074 2486 1202 2537 oratores
1223 2471 1305 2559 prin·

277 2556 376 2632 cipes,
392 2574 462 2631 quos
477 2555 580 2613 sectati
600 2572 727 2631 pugnare
740 2554 823 2628 qnasi
843 2554 872 2610 in
889 2556 994 2631 proelio
1011 2554 1164 2614 didicerint
1173 2582 1182 2628 3
1203 2568 1305 2635 postea

286 2632 316 2689 in
330 2633 443 2691 scholas
454 2634 599 2691 rhetorum
609 2632 757 2700 transisse,
771 2633 822 2691 ubi
836 2631 908 2691 nihil
917 2633 1058 2704 discatur,
1068 2634 1126 2692 nisi
1136 2637 1212 2709 quod
1222 2657 1304 2697 nsum

286 2730 345 2768 non
360 2710 489 2769 habeat·

330 2787 403 2861 [Hic
412 2787 529 2847 mutilus
538 2797 582 2848 est
593 2788 727 2847 Messalae
736 2808 840 2858 sermo,
848 2790 944 2849 forsan
954 2799 984 2849 et
992 2790 1157 2869 periitJulii
1167 2791 1305 2860 Secundi;

277 2866 416 2945 vsequitur
427 2867 553 2925 Materni
564 2868 666 2937 oratio,
677 2871 772 2948 capite
785 2877 894 2927 manca.
920 2867 1066 2928 Lacunam
1077 2871 1151 2928 hanc
1162 2872 1307 2948 complere

277 2944 365 3017 ¹nisus
379 2953 425 3002 est
434 2944 593 3005 Broterius.
634 2946 668 3005 ln
682 2946 729 3018 iis,
741 2968 806 3024 qnae
816 2948 994 3025 supersunt,]
1029 2952 1079 3007 36.
1093 2949 1183 3006 tradit
1196 2950 1304 3013 Mater,-

286 3042 351 3088 nus,
372 3024 585 3101 perturbatione
600 3026 667 3083 olim
680 3035 711 3086 et
723 3026 851 3093 licentia,
864 3025 1035 3085 factionibus
1049 3045 1197 3101 procerum
1212 3036 1242 3084 et
1252 3029 1304 3086 ad·

285 3100 374 3159 siduis
390 3100 511 3160 Senatus
525 3103 660 3162 adversm
674 3105 787 3179 plebem
799 3103 1010 3172 certaminibus,
1021 3104 1212 3179 eloquentiam
1223 3107 1305 3182 vigu-

285 3178 344 3237 isse
353 3205 362 3251 5
386 3181 435 3240 37.
448 3200 540 3256 neque
554 3200 721 3258 quemqnam
742 3201 871 3259 magnam
891 3182 1050 3257 potentiam
1068 3183 1131 3241 sine
1144 3183 1306 3259 eloquentia

286 3265 487 3335 consecutum:
506 3259 713 3329 Demosthenis
720 3262 775 3318 hoc
786 3269 815 3317 et
823 3259 971 3318 Ciceronis
980 3262 1109 3337 exemplo
1117 3264 1305 3337 comprobari.

286 3334 336 3393 38.
350 3333 473 3391 Primum
490 3337 543 3392 Cn.
565 3334 728 3412 Pompeium
749 3338 1145 3415 eloquentiaeadstringendo
1163 3341 1306 3409 nocuisse,

286 3413 370 3487 eique
384 3412 472 3470 veluti
482 3413 576 3471 frenos
588 3414 769 3491 inposuisse:
785 3425 845 3472 tum
856 3418 904 3474 39.
917 3417 1054 3490 penulas,
1062 3417 1165 3492 quibus
1173 3417 1307 3483 adstricti

286 3496 317 3545 et
327 3488 408 3571 quasi
422 3488 526 3548 inclusi
534 3511 597 3551 cnm
607 3492 754 3569 judicibus
763 3492 925 3551 fabulentur
934 3502 1073 3564 oratores,
1084 3495 1210 3572 itemque
1222 3496 1305 3574 iupe-

286 3566 412 3624 dimenta
425 3588 443 3624 a
456 3567 601 3642 jndicibus
614 3579 687 3641 orta,
701 3571 853 3631 debilitare
872 3571 1082 3649 eloquentiam:
1105 3584 1245 3650 praterea
1257 3594 1306 3633 res

286 3645 366 3703 velut
389 3644 419 3702 in
440 3646 594 3707 solitudine
613 3648 670 3725 agl,
688 3669 775 3727 quum
795 3652 902 3709 oratori
921 3650 990 3709 olim
1010 3652 1116 3724 clamor
1134 3652 1307 3730 plaususque

286 3722 450 3781 addiderint
463 3724 595 3785 animum.
636 3729 685 3787 40.
705 3728 905 3803 Eloquentiam
924 3747 989 3787 esse
1008 3730 1157 3790 alumnam.
1170 3731 1305 3798 lineatim,

280 3809 494 3876 *contumacem
506 3805 695 3874 temerariam,
716 3816 907 3882 arrogantem,
926 3825 979 3866 nec
998 3807 1029 3866 in
1049 3808 1212 3869 civitatibus
1232 3810 1306 3868 bene

277 3878 452 3961 ‘constitutis
466 3881 542 3940 oriri.
554 3902 650 3961 posse,
665 3886 742 3961 qnod
756 3884 885 3961 exempla
898 3884 1040 3943 variarum
1059 3887 1188 3963 gentium
1205 3894 1304 3963 osteq·

277 3954 375 4039 dant,
401 3959 450 4017 41.
470 3960 608 4020 minorem
627 3982 691 4022 esse
711 3961 958 4039 obscurioremque
976 3964 1096 4040 gloriam
1115 3966 1190 4024 iuter
1213 3965 1306 4029 bonos

276 4052 379 4109 *mores
393 4044 423 4093 et
435 4038 465 4097 in
478 4039 643 4114 obsequium
657 4039 785 4118 regentis
798 4048 934 4115 paratos3
952 4043 1028 4100 bono
1039 4044 1085 4101 sai
1095 4044 1191 4102 soeetdi
1203 4040 1306 4117 cuique

184 4122 186 4125 ·
281 4110 443 4189 huardum.
482 4120 532 4177 42.
546 4116 721 4191 Disceditnr.
762 4117 889 4177 Habitus
903 4120 1088 4197 estdialogus
1161 4176 1165 4183 ,

398 4288 505 4332 rnnvto
520 4294 707 4335 nusnnsrarso
720 4290 795 4334 aua.
809 4292 854 4343 vr,
869 4297 940 4337 arro
954 4293 1139 4337 ussrtsrtno

665 4371 735 4419 css.
751 4372 793 4421 rs,
807 4372 885 4414 coss.
