3034 4967
543 770 716 856 JUSTI
748 772 930 857 LIPSII

610 1002 863 1068 EXCURSUS

719 1202 757 1236 AD

426 1371 1057 1468 GERMANIAM.

721 1758 759 1815 A.

645 1912 738 1970 CAP.
758 1912 829 1971 XII.

240 2076 428 2135 Gnumnnos
442 2069 598 2128 liberatum
611 2068 654 2127 ire
666 2068 744 2127 volui
758 2088 777 2126 a
789 2069 870 2127 foeda
880 2089 991 2131 aversae
1001 2071 1124 2129 Veneris
1138 2085 1226 2132 notu:
1241 2087 1272 2133 et

199 2172 277 2216 ecee
290 2171 348 2228 ego
361 2169 419 2206 non
434 2148 497 2205 sine
510 2158 589 2205 nota.
611 2146 687 2204 Nam
702 2147 820 2223 quidam
836 2166 882 2205 me
897 2149 998 2225 culpet
1011 2148 1160 2222 (modeste
1173 2161 1272 2209 tamen

199 2232 306 2297 fateor,
321 2247 379 2285 nec
392 2225 479 2304 plane
490 2222 622 2305 οἰλόγιιις)
634 2224 715 2302 quod
729 2236 840 2283 temere
855 2226 1027 2285 mendacem
1043 2226 1169 2285 dixerim
1181 2230 1271 2288 Athe·

201 2328 306 2367 naeum.
327 2306 374 2365 Ab
386 2324 422 2361 eo
433 2302 520 2371 enim,
531 2303 637 2381 inquit,
647 2302 807 2371 Diodorus,
818 2303 1004 2371 Aristoteles,
1021 2304 1137 2364 Strabo.
1157 2308 1271 2367 Primus

202 2387 332 2489 quidem,
347 2384 385 2441 de
400 2382 492 2440 Celtis
512 2382 555 2440 sic
572 2382 675 2439 scribit
688 2385 718 2449 5,
737 2384 785 2443 32.
829 2386 967 2453 Γυναῖκας
983 2383 1003 2440 δ’
1019 2382 1133 2478 ἔχοντες
1155 2383 1272 2455 εὐειδεῖς,

197 2483 303 2542 smera
316 2464 432 2529 ταύταις
449 2456 646 2541 προσέχουσιν,
660 2458 743 2519 dmi
755 2458 819 2537 πρὸς
835 2459 887 2529 τοὶς
901 2462 956 2519 rtis
970 2460 1089 2542 οἰρῥενων
1105 2464 1271 2543 συμπλοκὰς

198 2537 324 2610 εἰιτότως
338 2541 477 2600 λοι-σῶοι.
497 2550 528 2597 et
542 2559 609 2616 quae
621 2538 729 2605 subdit,
744 2540 843 2617 turpia
856 2538 926 2596 mihi
946 2540 1041 2613 nimis,
1055 2545 1152 2618 turpia
1168 2546 1272 2604 relatu.

202 2627 241 2681 At
254 2619 428 2678 Aristoteles
441 2617 527 2677 Polit.
541 2623 570 2685 2,
585 2623 614 2678 9.
643 2616 814 2695 ,Plerosque
828 2616 964 2676 militares
978 2628 1080 2698 gentes
1094 2630 1120 2678 et
1134 2624 1230 2681 Celtas
1243 2623 1272 2681 ιἰι

200 2703 238 2760 iis
249 2700 405 2757 masculum
416 2709 514 2755 cretum
521 2694 619 2775 pulum
630 2696 784 2754 admisisse.
804 2696 871 2753 Jam
887 2698 992 2755 Strabo
1004 2710 1093 2774 negat
1104 2709 1186 2779 turpe
1198 2702 1275 2779 apud

202 2800 249 2839 sos
261 2778 363 2855 sitisse
372 2773 404 2834 τὸ
416 2773 465 2852 τῆς
474 2773 566 2853 ἀκμῆς
577 2772 696 2852 ἀφειδεῖν
706 2772 769 2843 τούς
782 2772 867 2843 retis,
876 2776 985 2854 florem
997 2776 1090 2835 ceratis
1100 2780 1275 2853 prostituere

194 2856 339 2935 juniores.
379 2853 460 2919 Quid
473 2853 511 2911 ad
524 2853 577 2911 hos
591 2852 671 2929 ego?
690 2852 813 2929 ignosce
827 2854 958 2930 quisquis
977 2853 1059 2929 legis,
1080 2874 1164 2931 paene
1182 2858 1272 2928 idem,

204 2935 285 3015 quod
304 2935 335 2991 in
348 2933 533 2991 Athenaeum.
576 2930 655 2989 Fulsi
674 2928 797 3007 inquam
815 2931 874 3001 isti,
887 2932 969 2999 falsi3
990 2934 1014 2990 si
1028 2945 1126 2990 tamen
1140 2936 1178 2992 de
1193 2936 1273 2994 Ger-

203 3013 295 3072 manis
307 3013 366 3071 hoc
379 3010 560 3088 scripserunt
574 3020 788 3076 assenserunt,
803 3029 861 3067 non
875 3010 973 3085 potius
987 3011 1024 3068 de
1039 3010 1140 3068 Gallis.
1182 3015 1274 3077 Quod

199 3112 260 3170 ego
271 3090 389 3150 omnino
403 3107 518 3156 esser03
531 3086 691 3165 praesertim
707 3087 744 3145 de
757 3087 803 3159 iis,
818 3087 868 3165 qui
881 3088 1021 3147 Massiliae
1032 3100 1062 3147 et
1073 3089 1165 3148 ltaliae
1178 3094 1273 3170 magis

224 3168 370 3247 ropinqui.
408 3167 454 3227 Ab
468 3186 504 3225 ea
521 3166 703 3243 parteiabes
722 3165 787 3225 haec
806 3166 835 3223 in
851 3166 1006 3225 candidam
1027 3186 1079 3244 per
1092 3187 1124 3225 se
1142 3183 1272 3245 gentem.

169 3301 171 3305 ,
202 3191 312 3305 itonne
332 3267 421 3305 risores
435 3243 627 3303 Massilienses
646 3244 802 3320 proverbio
817 3246 853 3301 ub
875 3245 930 3303 hac
952 3245 1073 3303 mollitie
1093 3246 1270 3309 innotuere?

202 3324 304 3385 Graeci
318 3344 389 3401 ergo
404 3324 454 3392 ilii,
470 3322 520 3399 qui
534 3323 583 3378 vix
597 3321 685 3378 limen
704 3321 776 3379 iliud
795 3323 889 3398 ipsum
905 3322 1009 3382 Galliae
1025 3337 1167 3384 noverant
1182 3328 1272 3403 (Ger-

204 3403 310 3463 maniae
327 3414 409 3461 certe
429 3400 562 3479 penetral
582 3405 755 3476 numquam)
779 3401 838 3458 illic
859 3412 1007 3477 repertum
1022 3403 1125 3460 vitium
1146 3405 1223 3463 fama
1241 3418 1273 3465 et

200 3482 271 3541 stilo
283 3491 452 3557 sparserunt
465 3496 619 3555 perperam
631 3476 660 3533 in
675 3498 786 3536 omnes.
816 3478 883 3537 Non
898 3479 967 3537 mihi
982 3480 1133 3541 creditur?
1166 3484 1271 3543 Tacito

203 3559 295 3637 igitur
308 3570 418 3626 nostro,
433 3556 483 3635 qui
497 3556 607 3613 diserte
625 3555 683 3613 hoc
696 3556 760 3633 ipso
774 3557 842 3615 loeo
856 3557 958 3615 scribit
971 3557 1025 3633 (ex
1042 3570 1138 3619 vestra
1152 3562 1271 3639 quidem

203 3639 318 3713 mente)
335 3636 438 3694 molles
452 3635 524 3692 istos
537 3647 567 3691 et
580 3633 742 3709 flagitiosos
755 3656 834 3693 coeno
849 3648 876 3693 et
885 3634 994 3712 palude
1009 3659 1121 3707 mersor,
1137 3651 1214 3699 nrrrts
1228 3643 1271 3701 in·

192 3720 286 3797 jecta.
315 3716 410 3796 Tuam
423 3712 522 3780 fidem,
538 3731 556 3770 ο
572 3714 698 3788 optime!
724 3712 756 3771 Si
768 3712 820 3769 fidi
834 3712 876 3769 ilii
890 3712 1000 3782 Graeci,
1015 3727 1046 3773 et
1056 3717 1082 3773 si
1097 3718 1199 3775 vitium
1214 3720 1272 3778 hoc

201 3806 262 3853 tam
272 3811 427 3855 commune
437 3788 601 3857 Germanis,
612 3802 672 3847 tam
683 3803 847 3868 receptum,
859 3790 910 3868 qui
924 3805 1051 3863 constat,
1062 3806 1094 3852 ut
1108 3795 1197 3853 iidem
1211 3808 1272 3855 tam

200 3874 341 3932 severiter
353 3870 428 3929 illud
441 3868 583 3960 puniunt?
618 3868 724 3946 Itaque
738 3889 775 3927 ne
789 3870 833 3927 sic
848 3869 967 3946 quidem
982 3872 1122 3931 Germani
1136 3874 1270 3952 inquina-

199 3952 322 4021 buntur,
342 3950 456 4008 etiamst
476 3948 504 4005 iu
527 3946 627 4005 uineta
647 3946 696 4003 illu
715 3947 806 4005 lectio
825 3948 1009 4009 retinebitur.
1051 3951 1116 4010 Nec
1136 3963 1235 4011 tamen
1254 3974 1273 4013 a

164 4076 174 4094 ,
201 4047 261 4096 me,
276 4028 326 4105 qui
346 4027 426 4087 haud
446 3966 546 4105 patriis
561 4025 651 4083 tutius
666 4025 772 4083 Tacito
786 4026 859 4083 etin
880 4026 979 4103 primis
996 4028 1085 4089 Fabio
1102 4032 1169 4107 (qui
1184 4033 1271 4091 claris

200 4106 297 4164 verbis
310 4106 443 4183 ignotum
457 4104 487 4162 id
498 4102 641 4180 flagitium
654 4103 807 4162 Germanis
821 4104 934 4173 asserit,
949 4115 980 4164 te
991 4107 1206 4185 dissimulante)
1223 4110 1273 4170 hie

203 4183 389 4251 crediderim,
410 4202 498 4260 quum
516 4179 639 4240 Graecis.
679 4182 797 4259 Quippe
818 4181 865 4239 isti
885 4182 942 4240 levi
964 4195 994 4242 et
1014 4186 1176 4263 longinqua
1193 4189 1297 4261 famu¹

202 4259 313 4339 aliquid
336 4259 374 4317 de
393 4279 429 4318 ea
473 4270 541 4318 ente
561 4270 759 4335 acceperunt:
786 4270 816 4317 at
839 4259 955 4319 illorum
977 4282 1048 4333 evo,
1072 4265 1192 4342 cognita
1210 4270 1272 4344 jam

202 4337 372 4410 Germania,
386 4281 582 4395 imoiustrnta
595 4336 735 4395 Romanis
750 4350 780 4396 et
794 4337 916 4399 calcata.
