3034 4967
555 281 614 342 AD
634 280 793 342 ANNAL.
815 276 895 342 LIB.
914 277 973 340 111.
1242 279 1299 343 112

222 443 311 506 etiarn
335 463 426 508 anuos
448 446 594 508 beneficio
618 446 745 508 Ceratis
766 446 875 518 solere,
896 443 982 525 quasi
1008 441 1119 502 liberos
1144 433 1313 530 baberent.'

226 523 369 602 Quintum.
409 527 468 592 Qui
495 524 594 604 plures
615 527 725 586 liberos
745 525 846 596 habet,
865 526 885 584 i.
899 543 926 583 e.
940 524 969 583 iu
992 523 1065 582 urbe
1078 533 1149 588 tres,
1167 521 1199 576 in
1213 516 1301 578 Itum

223 613 360 678 quatuor,
375 605 404 664 iu
417 604 575 684 provinciis
590 607 731 686 quinque,
745 625 764 664 a
777 625 858 675 cura,
873 604 977 671 tutela,
990 599 1082 662 ceteri
1119 615 1158 659 ue
1171 595 1300 658 muueri-

222 681 278 740 bus
289 685 490 760 personalibus
502 684 636 743 immunis
647 698 692 744 est
705 687 725 746 l.
739 689 768 744 2.
792 687 839 744 De
850 679 1101 742 excusationibus.
1124 717 1132 732 .
1146 681 1172 737 1.
1182 676 1218 736 C.
1238 675 1300 741 Qui

223 779 302 821 num.
315 761 432 822 liberor.
476 765 603 824 Sestum.
644 766 860 824 Damnatorum
879 761 965 820 liberi
986 759 1087 838 plures
1103 773 1199 816 assem
1219 756 1301 814 acci-

222 838 318 916 piunt,
333 862 350 900 e
365 842 576 901 constitutione
590 843 736 902 Hadriani
750 844 769 900 l.
781 844 810 907 7.
841 841 891 899 De
902 839 986 899 bunis
1000 837 1129 896 damnat.
1159 834 1200 892 Et
1212 835 1251 893 ab
1264 853 1302 894 ea

223 930 321 977 mente
336 921 397 980 Dio
412 925 459 990 69,
473 926 522 981 23.
535 923 661 1001 scripsit,
677 921 862 982 Hadrianum
883 919 1014 978 mitiores
1033 933 1136 995 poenus
1151 913 1211 972 reis
1227 913 1301 973 irru-

223 1016 309 1074 gasse
319 999 428 1059 liberos
440 1001 628 1070 habentibus,
640 1003 720 1080 quod
734 1000 876 1080 Cujacius
886 998 999 1064 notavit
1007 994 1132 1088 pridem.
1153 994 1194 1052 Et
1203 992 1301 1071 plura,

223 1071 1130 1235 tttdtlttlttttllitttrlltlbtdttmlt
1137 1072 1301 1211 illiti?

1289 1192 1301 1220 θ

223 1233 422 1297 Tertullianus
436 1237 511 1296 dixit
521 1250 626 1298 contra
634 1237 784 1298 Valentia.
795 1257 822 1298 c.
836 1239 896 1311 18.)
909 1234 990 1314 quod
999 1231 1079 1293 urbis
1091 1249 1146 1309 pro
1155 1229 1302 1290 beneficio

224 1309 366 1394 Princeps
379 1317 478 1380 dabat.
521 1317 632 1376 Plinius
643 1317 737 1396 Epist.
746 1320 779 1388 2,
794 1321 842 1376 13.
883 1312 1032 1395 Naperud
1046 1314 1151 1392 optimo
1161 1309 1303 1387 Principe

223 1392 309 1451 trium
321 1393 474 1456 liberorum
484 1395 512 1455 ei
514 1399 570 1477 jus
582 1395 731 1477 impetravi
738 1419 750 1456 .·
766 1397 853 1476 quod,
868 1413 952 1474 quum
972 1411 1037 1451 uum
1046 1409 1135 1471 poree
1143 1401 1173 1448 et
1184 1408 1246 1447 curm
1254 1387 1303 1448 di·

222 1469 295 1532 lectu
307 1473 399 1545 duret,
413 1475 483 1536 milii
495 1483 599 1545 lamen,
613 1486 753 1556 tamquam
766 1474 922 1556 eligenti
960 1469 1038 1532 alrit-
1078 1469 1162 1530 ldem
1175 1467 1214 1528 ad
1228 1468 1304 1528 Tra·

221 1551 324 1627 janum
336 1553 392 1632 Ep.
409 1558 454 1625 10,
468 1559 497 1616 2.
518 1555 701 1647 deprimere,
716 1554 835 1624 domine,
850 1552 942 1614 uerbis
956 1572 1012 1610 nou
1026 1569 1149 1632 masam,
1163 1557 1300 1630 quantum

225 1630 294 1690 milri
303 1633 440 1714 guadium
455 1632 592 1704 attulerat,
608 1636 685 1715 quod
699 1653 742 1694 me
755 1635 873 1715 diguam
886 1631 998 1714 putasti
1010 1633 1084 1712 jure
1095 1629 1182 1687 trium
1196 1625 1300 1689 lidere-

223 1729 296 1770 σανα.
331 1711 476 1776 Martialis
489 1719 519 1782 9,
534 1717 583 1777 67.
621 1715 698 1774 Uuor
711 1734 773 1772 cum
787 1713 840 1774 tili
852 1715 890 1773 sit
901 1713 1050 1792 surmosu,
1061 1708 1180 1789 pudica,
1189 1705 1302 1787 puella,

229 1791 293 1866 Quo
305 1789 358 1849 tihi
372 1801 502 1851 natorum
510 1793 596 1870 jura,
608 1791 739 1862 Fabulle,
754 1793 866 1851 tuum?
909 1790 995 1866 Quod
1001 1791 1079 1869 petis
1091 1807 1109 1844 u
1124 1796 1221 1845 nostro
1233 1805 1302 1867 sap-

219 1867 290 1945 plee
311 1870 480 1948 dominoque
498 1872 629 1950 Hacque,
654 1874 720 1932 Hoc
742 1870 825 1930 dubit
846 1872 906 1950 ipse
926 1868 988 1936 tibi,
1009 1868 1036 1926 si
1059 1878 1140 1946 potes
1162 1865 1303 1944 arrigere.

223 1947 310 2006 Idem
329 1947 368 2006 de
386 1967 419 2008 se
432 1955 461 2016 3,
478 1953 529 2011 st:
566 1951 698 2012 Proemio
718 1949 835 2008 mudum
852 1947 953 2008 tribuit
970 1944 1042 2005 miti
1058 1945 1161 2004 Cesar
1172 1953 1302 2022 uterque,

224 2025 427 2106 Natorumque
437 2028 515 2088 dedit
527 2031 604 2109 jura
613 2039 739 2108 puteruu
755 2028 878 2086 trium.
918 2025 1012 2102 Origo
1024 2024 1088 2104 ejus
1102 2041 1120 2081 e
1133 2023 1202 2099 lege
1211 2021 1303 2093 dulia,

224 2104 271 2162 uti
283 2105 429 2166 discasex
438 2107 544 2166 Dionis
558 2119 628 2187 apto
642 2109 681 2167 ad
693 2108 772 2166 hauc
785 2126 848 2166 rem
861 2106 940 2174 loco,
953 2108 1004 2172 55,
1019 2109 1048 2164 t.
1066 2101 1102 2162 ’11
1117 2101 1145 2160 δὲ
1156 2099 1187 2178 δὴ
1196 2099 1304 2164 ’lautia

223 2184 252 2252 ἐς
266 2181 318 2253 ταὶς
330 2183 451 2264 μητέρας
465 2184 517 2256 ταὶς
529 2186 585 2269 τρὶς
598 2189 733 2256 τεκούσας
746 2187 900 2270 ἐσεγραφη.
933 2181 990 2251 Οἷς·
998 2179 1056 2264 γὰρ
1069 2179 1107 2242 dr
1118 2175 1151 2242 ri
1165 2178 1303 2260 impium

224 2258 272 2322 εἴτ’
284 2257 327 2324 οὖν
338 2265 443 2346 deipsis
452 2262 508 2334 rire,
515 2266 658 2347 γυναικῶν
667 2265 706 2345 μὴ
723 2266 762 2325 dui
773 2262 942 2333 τοσαυτάκις
951 2263 1102 2330 τεκνῶσαι,
1115 2257 1219 2322 τούτων
1232 2259 1304 2321 riola

224 2339 238 2400 d
258 2339 348 2422 νόμος,
366 2345 492 2426 πρότερον
505 2346 557 2424 μὲν
572 2345 617 2406 tut
629 2345 678 2424 τῆς
694 2327 747 2422 βουΙ
773 2344 811 2415 ”ς,
824 2343 871 2405 νῦν
884 2343 914 2403 δὲ
929 2340 977 2404 tra
989 2341 1040 2402 τοῦ
1051 2339 1250 2442 uiroxpdmpos
1263 2338 1304 2400 ταὶ

223 2422 279 2481 τῶν
292 2421 501 2500 γεγεννηκότων
518 2424 697 2504 δικαιώματα
709 2425 873 2504 χασιζεταν.
905 2419 1002 2482 'sture
1014 2421 1125 2501 σφᾶςμ
1158 2423 1240 2488 ttvit
1252 2418 1303 2518 τῆς

225 2497 357 2570 ἀπαιδίας
378 2500 520 2582 turipum
542 2503 707 2586 ἐνέχεσθαι,
726 2497 774 2564 nul
794 2501 834 2564 τα
852 2501 903 2580 τῆς
918 2495 1102 2568 τσλνταιδῖας
1144 2497 1209 2566 θλα,
1229 2510 1303 2574 ripe

226 2577 330 2658 ὀλίγων
348 2581 438 2651 τινῶν,
458 2582 647 2663 καρποῦσθαι.
687 2582 748 2652 Ubi
767 2583 849 2642 rides
869 2592 900 2640 et
914 2578 1030 2640 seminis
1048 2577 1138 2636 tribui
1157 2577 1254 2636 solere
1271 2577 1303 2639 id

225 2658 420 2719 beneficium:
447 2661 528 2740 quod
549 2662 643 2740 primo
663 2673 695 2721 et
713 2681 750 2722 ex
776 2662 845 2740 lege
862 2659 944 2721 Julia
961 2678 979 2718 a
999 2660 1111 2717 Senatu
1133 2657 1302 2735 petebatur,

226 2749 330 2815 postea
343 2757 362 2798 a
375 2738 530 2818 Principe:
554 2759 731 2820 quamquam
747 2761 784 2802 ea
796 2742 887 2800 verba
899 2755 1056 2818 perperam
1071 2736 1100 2794 in
1113 2735 1203 2813 louge
1216 2735 1303 2795 aliam

226 2817 403 2876 sententiam
416 2818 541 2879 abduxit
555 2819 710 2898 interpres.
751 2820 928 2881 Plutarchus
942 2817 980 2876 de
992 2815 1162 2875 Vestalibus
1174 2826 1260 2875 notat
1272 2817 1304 2876 iu

224 2895 323 2954 Numa
338 2916 365 2957 c.
383 2901 429 2957 10.
444 2917 473 2975 p.
491 2902 558 2958 144.
573 2918 624 2958 eas
644 2897 708 2957 sine
722 2911 822 2958 tutore
836 2911 888 2958 aut
902 2906 1040 2958 curatore
1058 2913 1106 2954 res
1126 2911 1194 2953 suus
1208 2894 1304 2955 admi·

226 2974 374 3046 nistrasse,
389 2973 466 3036 ὥστε
482 3020 491 3046 ,
506 2977 612 3056 inquit,
626 2979 656 3038 ai
668 2975 823 3060 τρῖισαιδες.
866 2979 910 3037 Ar
924 2972 1049 3055 quodid
1066 2973 1147 3032 aolus
1162 2971 1305 3050 Princeps

226 3052 355 3124 dederit,
371 3055 451 3114 clare
466 2999 611 3117 ilartialis
625 3061 654 3128 2,
669 3061 718 3118 92.
758 3057 905 3118 Natorum
924 3053 996 3113 milri
1010 3057 1066 3133 jus
1081 3051 1169 3111 trium
1187 3053 1306 3130 roganti

226 3133 379 3192 Musarum
395 3135 521 3214 pretium
535 3136 614 3196 dedit
632 3157 756 3196 mearum
773 3136 855 3197 Solus
869 3135 920 3215 qui
932 3141 1069 3215 poterut.-
1090 3129 1196 3190 saletis
1217 3149 1304 3192 uuor·

227 3211 298 3272 Non
312 3211 393 3272 debet
406 3212 514 3273 domiai
532 3214 629 3294 perire
641 3216 779 3284 munus†.
819 3216 890 3275 Hoc
904 3213 995 3282 idem,
1009 3211 1064 3289 jus
1080 3218 1234 3288 pareutum
1247 3211 1314 3270 Juv

226 3291 338 3350 venalis
352 3290 523 3370 appellati),
538 3296 586 3357 87.
625 3295 704 3354 Juru
718 3295 852 3386 parentis
868 3293 963 3361 babes,
1004 3299 1100 3368 repter
1114 3309 1159 3348 me
1173 3290 1305 3352 scriberis

225 3370 325 3437 heres:
347 3382 378 3431 et
392 3371 514 3446 Tacitus
528 3373 577 3432 hic
587 3373 742 3456 privileges
753 3388 918 3456 parentum.
998 3371 1016 3427 'i
1029 3367 1202 3448 simpliciter
1213 3371 1304 3440 etiam

216 3448 272 3528 jum
285 3449 446 3511 liberorum.
468 3451 503 3510 ln
517 3452 684 3532 fragmento
693 3455 768 3532 juris
780 3453 898 3522 veteris,
913 3451 995 3544 quod
1008 3447 1157 3526 evulgavit
1169 3449 1306 3510 doctissi-

226 3548 292 3588 mus
305 3530 456 3589 Pithoeus:
479 3530 589 3592 Mulier
602 3532 643 3592 sic
656 3533 827 3594 auctoritate
841 3541 944 3593 tutoris
958 3529 1153 3590 manumittere
1185 3539 1265 3598 otest,
1278 3529 1306 3590 si

215 3609 272 3688 jus
284 3607 386 3670 lrabeat
398 3607 560 3673 liberorum.
601 3613 640 3671 Et
650 3611 771 3672 Paullus
784 3612 836 3670 lib.
848 3617 879 3672 4.
890 3611 1026 3671 Sentent.
1039 3608 1078 3666 ad
1094 3608 1151 3667 SC.
1163 3551 1305 3667 ll'ertnlli·

225 3707 326 3780 anum,
341 3689 406 3782 plus
419 3689 541 3784 semel..
561 3690 616 3750 Jus
631 3691 791 3750 liberorum
804 3701 905 3783 tumen
924 3688 1044 3769 propria
1058 3687 1187 3765 quadam
1200 3698 1234 3746 et
1241 3686 1306 3780 'ulla

225 3767 697 3920 inluserunt
709 3767 1063 3910 tuitii-,tut
1077 3765 1305 3920 sumu

224 3924 1305 4083 11111111111111111112111111111

315 4052 321 4066 ι
1141 4042 1150 4070 9

202 4149 209 4160 ,
225 4081 439 4162 Fragmentass.
471 4085 532 4145 Sed
543 4097 574 4146 et
587 4097 728 4165 quattuor
740 4089 901 4148 liberorum
910 4090 959 4166 jus
973 4085 1046 4144 luit:
1068 4081 1150 4161 quod
1161 4083 1306 4161 pertinuit

264 4315 277 4344 0
295 4314 389 4370 Similis
403 4315 429 4366 iu
443 4315 561 4383 lapidibus
577 4317 641 4383 apud
654 4317 724 4368 θαι
736 4334 761 4384 p.
775 4320 846 4370 1⁰81.
859 4329 965 4368 srarra
981 4326 1074 4364 rausa
1087 4327 1107 4362 ι.
1120 4326 1148 4364 ι..
1159 4327 1190 4364 u.
1200 4313 1217 4363 i.
1228 4331 1250 4364 e.
1259 4319 1305 4381 jar

224 4379 355 4450 liberrimo
364 4381 456 4458 tulgus.
490 4381 529 4434 ct
539 4383 573 4434 ib.
582 4398 607 4448 p.
619 4383 677 4445 131,
688 4385 712 4432 t.

257 4444 373 4576 libid
380 4448 571 4576 ‘diu‘iii’tam
589 4516 611 4563 a
630 4527 676 4564 svs
693 4525 841 4565 couneus:
858 4524 1032 4564 nrssaorrvx
1050 4481 1185 4561 masuam
1201 4506 1302 4561 dieitur
