3034 4967
233 191 290 259 ’148
572 191 604 262 ,1.Ι
622 201 744 266 LIPSIl
766 202 987 269 EXCURSUS

273 364 401 437 Deinde,
424 365 647 427 clivium‘tuum
660 368 689 424 in
700 369 800 429 Rireni
810 371 904 431 limite
913 371 1002 432 situm
1013 381 1069 441 est,
1080 370 1111 429 in
1121 371 1251 432 confinio
1261 381 1307 430 tot

235 443 436 504 barbarorum.
477 446 551 511 Quis
565 447 626 506 acri
640 459 764 526 pectore
777 450 831 510 tibi
845 451 938 522 dabit,
951 450 1083 512 scholam
1096 451 1265 511 institutam
1277 449 1308 509 in

237 523 354 584 officina
366 524 416 584 illa
430 523 558 584 Martis?

276 681 388 741 Tertio.
409 681 523 760 Magna
540 693 572 742 et
590 683 688 762 ampla
707 703 743 743 ea
762 685 834 742 urbs
846 684 912 756 fuit,
926 686 965 746 de
979 704 1039 765 qua
1050 688 1215 748 Eumenius
1227 687 1307 765 agit:

236 759 348 839 templa
365 761 563 840 pulcherrima
580 761 699 831 habuit;
721 762 893 841 capitolium
913 775 944 824 et
958 765 1152 844 aquaeductus
1166 779 1198 827 et
1211 766 1309 826 omnia

237 859 319 899 more
342 839 484 900 Romano.
506 841 574 900 vide
595 861 620 900 c.
644 845 672 904 9.
712 842 808 910 Cedo,
831 844 881 903 ubi
903 845 984 923 apud
1003 863 1055 903 vos
1077 844 1142 905 haec
1158 844 1306 924 vestigia?

239 917 411 998 Suspicione
420 919 476 978 levi
488 937 523 980 ea
533 920 655 998 quaerisi
668 920 721 980 sed
730 941 762 980 re
773 933 804 981 et
812 923 937 982 veritate
947 923 1076 1003 reperies
1086 923 1307 1003 Augustoduni.

236 999 309 1077 Ejus
328 1020 422 1058 maros
440 999 556 1080 spatiosi
568 999 689 1059 ambitus
702 999 876 1060 Ammianus
891 1007 941 1072 16,
953 1007 984 1063 2.
1005 1022 1024 1062 a
1044 1003 1154 1081 pellat:
1176 1003 1308 1063 manium

237 1079 435 1157 Augustoduai
447 1077 669 1160 magnitudinem
683 1087 819 1139 uetustam
837 1085 882 1149 15,
901 1087 947 1143 ll.
959 1093 991 1140 et
1034 1100 1085 1141 ara
1097 1081 1207 1142 indicia
1219 1082 1309 1142 etism

237 1173 317 1216 nunc
328 1169 458 1228 exstant,
470 1157 568 1217 indice
582 1169 612 1216 et
626 1168 702 1217 teste
716 1160 806 1220 Petro
821 1159 1028 1231 San-tuliano,
1038 1161 1090 1240 qui
1103 1161 1307 1241 Burgundiam

234 1235 351 1322 Gallice
364 1235 519 1316 descripsit
532 1254 634 1314 nuper.

277 1395 399 1459 Quarto.
422 1393 531 1453 Scribit
550 1394 710 1454 Eumenius
725 1415 751 1454 c.
765 1401 794 1455 4.
809 1397 950 1458 civiatem
963 1395 1046 1456 istam
1059 1410 1088 1457 et
1100 1397 1309 1478 olimfratma

233 1472 342 1554 Populi
355 1473 478 1532 Romam
491 1473 603 1533 nomiae
611 1471 777 1590 gloriatam.
818 1475 926 1535 Nonne
938 1475 1121 1535 verissimum
1135 1487 1166 1535 et
1178 1476 1309 1536 testatis·

237 1551 342 1610 simum
361 1551 435 1611 illud
455 1553 484 1610 in
504 1551 625 1611 AEduis.
657 1551 806 1613 declivio
821 1555 871 1613 ubi
891 1554 952 1614 tale
968 1555 1102 1632 reperis?
1136 1555 1309 1633 Perfugium

238 1631 344 1710 quaeris
358 1631 387 1688 in
401 1631 536 1701 Batavis3
557 1642 588 1691 et
600 1630 642 1688 illi
656 1631 755 1702 etiarn,
771 1633 877 1713 inquis,
890 1631 1030 1713 appellati
1049 1634 1155 1692 fratres
1175 1633 1309 1710 etfamici

239 1709 344 1788 Populi
365 1709 500 1769 Romani.
542 1710 610 1770 Scio
625 1722 656 1769 et
674 1713 891 1772 commentariis
904 1713 978 1771 meis
988 1711 1165 1790 jampridem
1178 1711 1307 1770 inserui:

231 1789 289 1847 'sed
297 1790 355 1848 hoc
366 1808 485 1868 quoque
493 1789 564 1858 scio,
574 1789 655 1926 pnod
664 1809 724 1848 non
732 1791 836 1870 sulgo;
850 1801 892 1863 et,
900 1792 925 1849 si
935 1790 1050 1860 Batavi,
1059 1809 1119 1849 non
1129 1801 1229 1849 tamen
1239 1791 1307 1850 ideo

236 1868 324 1928 vicini
342 1869 431 1928 Galli.
472 1869 541 1927 Alia
558 1868 578 1926 il
592 1886 675 1926 orum
694 1887 800 1929 caussa
817 1881 873 1940 est,
891 1870 943 1949 qui
961 1869 1139 1929 tributorum
1152 1869 1307 1939 immunes,

236 1947 417 2018 serni-liberi,
429 1967 510 2007 arma
522 1957 637 2006 tantum
651 1959 681 2006 et
694 1947 772 2008 viros
784 1949 908 2028 imperio
920 1949 1159 2028 suppeditabant.
1201 1949 1308 2026 ltaque

230 2029 301 2106 ‚jure
321 2026 418 2087 socios
437 2046 470 2086 se
490 2027 640 2098 dixerunt,
662 2027 779 2097 fratres,
800 2028 919 2088 amicos.
960 2030 995 2086 In
1009 2027 1092 2088 vobis
1106 2025 1179 2106 quid
1187 2026 1308 2110 simile?

235 2105 289 2185 qui
295 2107 356 2166 veri
367 2105 447 2165 Galli
460 2116 490 2164 et
502 2106 658 2177 tributarii,
665 2108 725 2182 jam
738 2106 788 2164 diu
799 2126 889 2184 graue
897 2108 1003 2186 jugum
1013 2106 1153 2166 ferebatis
1165 2105 1308 2166 Romanae

230 2185 391 2246 servitutis.

228 2316 233 2367 ³
277 2343 396 2410 Quinto.
419 2343 631 2404 vetustissima
645 2353 714 2400 suns
727 2341 785 2398 illae
801 2341 955 2402 Eumenia
970 2341 1137 2402 Maentanae„
1178 2340 1307 2434 conspe

231 2424 283 2482 ‘vel
295 2443 332 2482 ex
344 2421 389 2481 his
399 2423 495 2483 verbis
507 2443 533 2483 c.
546 2427 576 2484 9.
610 2421 771 2494 Moeaiance
780 2421 843 2481 t‘lioe
852 2421 956 2481 saloim
966 2421 1108 2501 quandam
1118 2418 1324 2502 pulcherrimo·

230 2515 319 2580 &opere
339 2512 366 2561 et
386 2503 542 2562 stadiorum
551 2501 725 2582 frequentia
746 2501 878 2560 celebres.
919 2501 1009 2567 Quod
1030 2501 1067 2559 de
1088 2499 1308 2578 Augustoduno

238 2595 370 2641 certum:
397 2583 446 2640 ubi
468 2582 599 2640 scholam
621 2600 638 2638 a
659 2577 814 2638 nobilitate
838 2579 917 2638 omni
938 2579 1056 2638 Gallica
1080 2579 1308 2657 frequentatam,

237 2660 359 2720 Tacitus
370 2663 429 2738 jam
446 2661 514 2719 inde
528 2661 583 2718 sub
598 2657 717 2716 Tiberio
732 2659 867 2735 agnoscit
885 2660 920 2716 A.
935 2665 963 2729 3,
977 2665 1025 2720 43.
1066 2658 1115 2717 De
1129 2656 1223 2717 Clirio
1236 2655 1308 2714 nihil

229 2741 296 2798 'tale
310 2739 461 2809 habemus,
477 2751 584 2819 praeter
596 2735 749 2814 suspicari.

279 2898 382 2958 Sexto.
399 2897 560 2956 Maenianas
579 2895 643 2954 illas
662 2897 735 2954 inter
750 2894 890 2976 Apollinis
902 2895 1034 2978 tempium
1049 2909 1135 2973 atque
1146 2891 1310 2974 capitolium

229 2977 400 3036 'Eumenius
414 2974 496 3055 ponit
510 2995 536 3035 c.
546 2980 574 3036 3.
616 2974 707 3053 Atqui
721 2975 864 3052 Apollinis
877 2994 998 3054 quoque
1011 2973 1153 3051 templum
1164 2973 1196 3028 in
1210 2972 1311 3032 Flavia

230 3057 401 3115 'AEduorum
422 3055 482 3112 sive
501 3053 718 3134 Augustoduno
735 3054 881 3190 incipiam
898 3053 1001 3125 fuisse,
1016 3052 1090 3113 alius
1103 3051 1309 3130 panegyristae

238 3147 363 3194 testatur
376 3137 405 3194 in
418 3134 561 3194 Oratione
575 3132 770 3194 Constantino
806 3133 873 3191 cta.

234 3324 238 3333 ⁴
279 3293 440 3352 Postremo.
456 3291 617 3351 Eumenius
629 3307 656 3348 c.
667 3294 696 3348 4.
708 3290 832 3370 artifices
841 3291 1039 3351 transmarinos
1049 3301 1077 3349 et
1087 3310 1121 3348 ea
1130 3287 1309 3366 amplissimis

234 3374 448 3451 provinciarum
457 3371 601 3430 ordinibus
613 3367 721 3428 incolas
730 3389 818 3429 monos
826 3369 1127 3430 indultossuaeciaitsti
1137 3369 1172 3426 ai
1180 3368 1309 3446 Impera-

238 3453 348 3512 toribas
357 3452 467 3508 scribit.
505 3448 592 3507 Alius
603 3447 712 3506 Orator
722 3449 752 3505 in
763 3450 873 3527 Paneg.
884 3450 923 3507 ad
934 3448 1177 3506 Maximinums:
1201 3446 1308 3505 Ciuitas

239 3533 413 3599 AEdaarum,
427 3529 531 3607 inquit,
545 3547 579 3586 ec
596 3526 649 3585 hac
666 3527 841 3586 Britannica
849 3527 1001 3607 facultate
1016 3527 1146 3587 victoria
1157 3523 1310 3603 plurimos,

226 3607 337 3690 'quibas
348 3607 406 3667 iiim
410 3607 570 3685 provincia
580 3607 788 3676 redundabant,
799 3608 913 3684 accepit
923 3606 1052 3686 amffices.
1086 3605 1195 3664 Nonne
1205 3603 1310 3663 eadem

239 3691 277 3748 de
292 3706 323 3746 re
337 3688 434 3766 palarn
453 3698 542 3766 atque
559 3687 632 3744 urbe
651 3685 834 3763 loquuntur?
856 3689 896 3744 Et
910 3686 982 3764 quid
995 3687 1085 3744 verba
1099 3683 1201 3742 facio?
1221 3681 1309 3742 citius

226 3769 289 3848 'pili
304 3777 463 3826 nascantur
475 3767 505 3824 in
519 3766 575 3824 hac
589 3783 691 3824 manus
704 3766 780 3834 vala,
796 3784 884 3842 quam
898 3764 1072 3844 opimatus,
1088 3762 1186 3841 Pighi,
1200 3763 1230 3820 in
1244 3779 1311 3819 mea

189 3855 203 3863 ”
219 3853 351 3916 '.mente;
370 3867 407 3906 ex
418 3846 452 3904 iis
464 3845 594 3924 quidem,
606 3865 672 3924 quae
682 3843 781 3902 adhuc
791 3844 902 3902 dixisti.
942 3843 1019 3903 Nam
1027 3843 1156 3901 firmiora
1166 3842 1191 3900 si
1198 3839 1310 3909 adfers,

238 3927 326 3984 facile
338 3945 394 4004 ego
404 3926 529 3986 Plancus
542 3937 594 3984 aut
604 3922 740 4002 Deillius,
752 3943 809 3982 nec
818 3923 956 3982 morabor
966 3921 1122 4000 transfugii
1136 3918 1311 3999 (dummodo

239 4005 268 4060 in
288 4001 427 4064 Veritatis
449 4010 554 4085 castra)
578 4004 668 4063 ullam
688 4012 798 4063 notam.
839 4005 915 4062 Haec
934 4002 1062 4061 candide
1083 4021 1102 4059 a
1120 4019 1168 4057 me
1188 3999 1311 4076 scripta,

222 4075 327 4141 ”homo
339 4083 555 4156 candidissime,
567 4084 631 4142 'sine
646 4081 706 4140 ulla
718 4081 824 4140 frontis
837 4081 996 4152 nubecula,
1011 4082 1055 4140 sic
1069 4080 1160 4157 leges.

223 4233 282 4365 *C*
300 4249 395 4362 ¹³⁸¹{lm
406 4251 456 4300 mc.
492 4246 703 4313 naeniarum
715 4247 756 4297 or.
776 4248 887 4298 numan
900 4263 983 4314 paneg.
999 4246 1060 4297 aaa
1075 4243 1213 4296 mamm
1224 4241 1313 4296 uum

261 4332 297 4363 ωε.
310 4333 328 4364 c.
375 4350 381 4363 .
