3034 4967
250 255 305 317 rra
577 253 606 313 J.
628 211 752 313 mrsu
773 252 993 318 excussus

251 435 319 480 cum
337 419 442 488 amico,
462 419 548 496 plane
569 419 671 476 amice.
716 420 756 479 Ut
775 438 834 476 non
851 420 946 478 solum
959 422 1022 479 sine
1036 422 1125 500 plaga
1137 441 1238 501 pugna
1250 423 1316 483 haec

250 500 299 569 sit,
313 497 366 558 sed
380 499 442 556 sine
460 497 646 576 sugillatione
664 507 714 556 aut
732 517 848 557 morsu:
869 499 946 558 sicut
960 500 1045 560 decet
1058 501 1171 560 mitium
1186 503 1317 561 Dearum

251 579 393 637 alumnos.
832 639 836 646 ,

412 653 527 735 Ἀγαθῆ
542 654 570 714 δὲ
584 653 601 715 ἕ
615 679 638 724 ις
653 655 699 733 ἡδὲ
714 654 846 738 βροτοῖσι.

251 734 389 814 Quisquis
398 736 462 794 haec
473 735 565 811 leges,
576 679 712 794 eiectum
724 737 753 792 in
764 755 821 806 me,
831 746 881 794 aut
892 757 945 814 pro
955 757 1002 795 me
1011 757 1101 816 pone:
1120 739 1228 820 Μικρὸν
1237 755 1316 820 optr-

249 813 332 895 τῖξων
340 813 388 874 roi
396 811 507 886 niutau,
515 813 564 892 τῆς
574 813 601 872 δὲ
611 811 749 893 ἀληθείας
757 815 828 874 πολι)
837 812 961 892 μᾶλλον.
975 818 1046 876 Dixi
1056 837 1122 894 ego,
1132 818 1244 877 nobiles
1252 819 1314 876 illas

252 894 394 952 Oratione
409 891 544 949 Eumenii
559 893 674 951 scholas
690 893 868 969 (Maenianas
880 895 942 972 ipse
953 897 1096 974 appellat)
1110 896 1315 974 Augustoduni

252 975 280 1030 in
301 972 415 1031 Celtica
435 970 542 1028 fuisse:
566 983 609 1040 tn,
628 971 724 1049 Pighi,
744 974 986 1049 Augusto-Clivii
1004 995 1054 1032 eas
1073 976 1202 1035 collocas
1218 976 1247 1032 in
1261 995 1316 1034 ex-

251 1065 344 1110 trema
359 1051 480 1127 Belgica
497 1049 535 1107 ad
551 1050 697 1108 Rhenum.
739 1052 785 1110 lta
798 1062 862 1109 toto
875 1052 939 1109 solo
953 1064 984 1111 et
998 1055 1084 1122 coelo,
1100 1055 1179 1131 quod
1195 1055 1313 1124 dicitur,

250 1131 433 1190 dissidemus.
455 1129 1042 1207 Tuaargumentapraeridebo,subseram
1050 1153 1126 1192 mea.
1147 1133 1313 1212 Aisprimo,

250 1209 302 1267 niti
317 1220 347 1266 te
361 1227 445 1266 sacra
459 1208 622 1266 Constantii
638 1209 763 1268 Caesaris
777 1208 901 1286 epistola
918 1212 969 1280 (ea
983 1213 1116 1272 Orationi
1129 1213 1239 1271 inserta
1253 1215 1311 1289 est)

248 1289 278 1346 in
290 1307 349 1367 qua
360 1286 704 1364 Angusto-Cliviensinm
717 1287 858 1366 oppidum
872 1289 982 1349 diserte
996 1292 1170 1350 nominatur.
1200 1292 1313 1350 Verba:

251 1369 402 1426 Mereatur
415 1375 441 1424 et
456 1363 535 1424 Galli
548 1367 645 1436 nostri,
661 1377 691 1426 ut
704 1387 799 1427 eorum
811 1366 916 1439 liberis,
925 1391 1042 1448 quorum
1055 1372 1114 1430 uita
1126 1370 1154 1427 in
1168 1371 1315 1447 Augusto·

250 1444 429 1505 Gliuiensium
447 1444 549 1523 oppido
566 1445 698 1523 ingenuis
717 1447 826 1506 ortibus
839 1450 989 1508 eruditur.-
1009 1458 1037 1507 et
1049 1449 1104 1529 ipsi
1118 1449 1314 1518 adolescentes,

249 1536 278 1584 ut
292 1545 387 1584 eorum
400 1522 491 1583 indoli
503 1527 646 1584 consulere
659 1527 813 1602 cupiamus.
858 1527 936 1595 Hoc,
947 1527 1042 1605 Pighi,
1053 1527 1173 1586 adfers?
1190 1527 1267 1595 ride,
1275 1548 1315 1587 ne

251 1604 365 1662 Lunam
376 1603 463 1670 hanc,
474 1603 554 1681 qnod
563 1603 662 1663 Graeci
673 1604 785 1673 dicunt,
797 1603 827 1662 in
838 1617 868 1663 te
879 1606 1028 1672 detraham
1041 1617 1103 1674 aut,
1113 1606 1194 1682 quod
1206 1606 1313 1676 Latini,

249 1683 357 1741 asciam
372 1683 430 1740 tuis
444 1682 506 1760 ipsc
519 1683 652 1742 cruribus
667 1683 771 1742 illidas.
810 1685 886 1743 Nam
899 1684 941 1744 ita
950 1685 1070 1762 quidem
1080 1684 1241 1742 Rhenanus
1251 1685 1315 1743 vul·

248 1761 337 1839 gavit,
347 1762 456 1820 fateorr
478 1761 541 1831 sed,
553 1762 632 1838 quod
646 1763 721 1821 scire
732 1773 763 1820 te
774 1774 825 1821 tua
835 1762 966 1834 interest,
976 1763 1061 1822 aliter
1071 1778 1102 1822 et
1112 1782 1205 1822 amea
1214 1775 1314 1824 mente

248 1841 298 1899 diu
312 1852 380 1899 ante
393 1840 474 1898 illum
490 1839 685 1917 Cuspinianus
702 1841 744 1916 (in
761 1842 949 1919 Panegyricis
963 1843 1011 1902 ed.
1031 1843 1152 1900 Viennoe
1169 1846 1267 1918 1513.)
1284 1842 1315 1901 in

248 1941 306 1998 quo
326 1919 465 1998 reperies,
478 1920 771 2000 Augustodunensr'um
789 1923 902 2002 oppido,
916 1923 1005 1981 clare.
1046 1921 1112 1980 Utri
1133 1921 1314 1981 credendum

247 1999 362 2076 magis?
383 2017 440 2076 ego
453 1999 523 2059 lruic
537 2019 682 2068 censeam,
694 2020 752 2058 non
764 2001 868 2069 solum,
880 2001 949 2078 quia
961 2002 1005 2058 vir
1014 1999 1234 2078 simplicissimae
1243 2021 1314 2078 pro·

248 2077 358 2148 bitatis,
377 2078 429 2136 sed
446 2079 550 2156 magis,
569 2079 637 2156 quia
657 2079 736 2138 libris
755 2079 854 2155 probis
868 2092 899 2138 et
913 2080 1034 2138 vetustis
1048 2099 1118 2137 usus
1133 2081 1209 2154 (tota
1222 2080 1313 2138 editio

248 2158 356 2229 docet,
378 2157 497 2216 infinitis
511 2159 642 2236 partibus
656 2157 706 2215 illa
721 2157 853 2216 lllrenani
867 2157 979 2227 melior,
988 2159 1047 2216 imo
1056 2169 1086 2215 et
1096 2157 1225 2234 auctior)
1239 2177 1314 2236 quos

247 2238 322 2295 alter
342 2235 478 2296 habuisse
502 2237 545 2310 (in
566 2237 629 2314 ipsa
649 2237 745 2315 praef.)
769 2238 879 2296 fatetur
895 2236 999 2295 nullos.
1040 2237 1135 2314 Igitur
1148 2236 1207 2294 hoc
1221 2237 1313 2296 telum

248 2334 369 2394 anceps,
381 2327 432 2374 aut
440 2314 493 2374 tibi
504 2316 674 2375 adversum:
692 2315 821 2394 ideoque
832 2314 972 2374 validiore
981 2318 1041 2392 jam
1052 2333 1175 2392 pugnas.
1207 2316 1314 2374 Exstat

248 2394 338 2472 ipsius
355 2395 500 2465 Eumenii‚
515 2396 620 2475 inquis,
636 2396 721 2455 Clivii
740 2395 909 2454 etiamnunc
926 2405 1034 2465 statua,
1048 2407 1270 2452 monumentum
1282 2405 1323 2454 et.

248 2474 358 2535 scholas
369 2474 436 2532 olim
450 2487 479 2532 et
490 2476 553 2554 ejus
564 2475 715 2536 doctrinae.
745 2473 934 2536 Commovisti
946 2493 993 2531 me
1002 2493 1038 2532 eo
1049 2484 1235 2550 argumento,
1244 2493 1313 2532 cum

248 2553 319 2630 legi,
334 2553 443 2612 fateor:
465 2555 519 2612 sed
537 2555 614 2612 idem
632 2555 720 2614 facile
736 2556 765 2612 in
785 2551 909 2630 gradum
928 2552 1094 2629 reposuisti,
1116 2551 1313 2629 descriptione

248 2651 335 2709 quam
350 2633 442 2690 addis.
484 2631 542 2695 Qui
557 2633 632 2688 enim
645 2633 767 2700 evincis,
781 2641 833 2689 aut
845 2631 924 2687 illam
938 2631 1026 2690 talem
1038 2642 1164 2689 statuam
1178 2632 1314 2690 Eumenii

247 2731 320 2778 esse,
333 2723 383 2768 aut
397 2708 483 2788 prisci
499 2707 616 2766 omniuo
630 2708 702 2764 aevi?
726 2711 799 2777 Stat,
811 2708 917 2786 inquis,
931 2714 1012 2784 (nam
1026 2711 1115 2769 verba
1126 2723 1177 2768 tua
1187 2715 1309 2788 usurpo)

247 2792 277 2849 in
286 2791 385 2849 uestitu
395 2791 440 2848 sui
451 2786 601 2862 ternporis,·
612 2786 708 2848 tunica
718 2788 846 2848 uidelicet
854 2787 943 2848 taturi
950 2799 1047 2861 tectus,
1055 2802 1084 2848 et
1092 2790 1181 2848 calcei
1189 2809 1224 2847 ec
1233 2790 1315 2850 ulutu

241 2871 342 2950 pedem
352 2891 388 2928 uc
397 2868 471 2928 talos
485 2867 617 2945 cingunt,
629 2877 656 2926 et
665 2889 752 2948 supro
762 2869 863 2945 pedem
873 2869 973 2928 exsecti
982 2870 1230 2948 utquefenestruti
1237 2882 1312 2928 sunt.

250 2951 365 3008 Comum
378 2950 408 3008 in
418 2949 521 3027 fronte
533 2955 561 3004 et
575 2953 678 3006 ceruice
690 2949 863 3007 decurtatum
879 2948 1026 3026 (equaliter
1038 2947 1203 3023 constringit
1216 2950 1311 3018 uitta,-

246 3031 319 3088 sicut
330 3041 450 3088 uentrem
460 3025 534 3084 lotus
545 3025 673 3086 baltheus
683 3037 767 3108 utque
777 3026 907 3087 tullutus.
940 3030 1053 3088 Dentre
1063 3047 1183 3086 massam
1193 3025 1238 3084 uel
1244 3029 1317 3086 auri

246 3112 293 3167 uel
310 3108 423 3186 urgenti
441 3107 469 3165 in
487 3115 592 3181 putero
606 3109 729 3183 positum
744 3115 923 3187 presentare
940 3109 1067 3172 viduo:
1087 3105 1203 3164 sinistra
1220 3107 1313 3166 tenuit

239 3188 368 3264 ferulam
382 3187 541 3255 demissam,
555 3185 715 3264 magisterii
727 3185 846 3266 insigne.
887 3187 981 3244 Tuam
992 3186 1087 3254 fidem,
1099 3185 1194 3263 Pighi.
1234 3185 1313 3246 Haec

247 3265 372 3343 insignia
387 3265 531 3322 Eumenia
545 3264 655 3322 rhetori
674 3265 874 3324 conveniunt?
895 3265 1098 3324 Baltheusne?
1120 3265 1169 3342 qui
1185 3264 1311 3324 militum

249 3363 313 3402 esse
328 3345 418 3402 solet:
444 3342 538 3420 (quod
553 3341 627 3400 adeo
642 3343 734 3420 magis
753 3355 885 3421 apparet,
898 3344 968 3421 quia
985 3344 1136 3418 bullatus.)
1168 3344 1312 3403 Vittane?

247 3442 314 3500 quae
326 3421 529 3482 Sacerdotum.
571 3421 698 3480 Ferula?
721 3443 788 3501 quae
799 3425 1040 3500 pedagogorum:
1054 3443 1114 3480 non
1126 3424 1246 3481 istorum
1259 3422 1312 3498 (ne

248 3503 277 3560 id
296 3501 379 3559 nobis
398 3499 536 3572 suadeas)
556 3499 606 3577 qui
624 3501 743 3578 publice
760 3514 791 3560 et
805 3522 872 3561 cum
886 3500 1030 3576 dignitate
1045 3502 1201 3560 docebant.
1242 3502 1310 3560 Jam

248 3599 334 3639 coma
347 3579 395 3638 illa
409 3580 452 3638 sic
467 3579 630 3649 decurtata,
646 3581 747 3640 tunica
758 3583 808 3639 illa
821 3581 858 3638 ad
874 3580 1005 3647 talos,‘et
1020 3581 1130 3639 calceis
1152 3600 1312 3659 numquam

245 3671 333 3719 atam
347 3659 444 3736 prisco
459 3657 561 3716 habitu
575 3659 646 3716 mihi
659 3661 824 3732 videantur,
838 3659 983 3738 quidquid
999 3659 1114 3721 adierat
1130 3672 1181 3718 tua
1195 3660 1312 3722 Peithor

245 3739 341 3796 Velim
352 3749 382 3796 et
390 3737 463 3794 illud
471 3736 550 3796 bons
559 3739 643 3798 venia
652 3741 815 3816 quaesitum,
825 3757 862 3797 an
871 3756 978 3794 nomen
988 3737 1123 3796 Eumenii
1131 3737 1310 3817 insculptum

245 3817 274 3874 in
288 3818 344 3876 hac
358 3826 456 3876 statua
471 3817 538 3876 est?
558 3836 616 3875 non
631 3818 708 3876 enim
723 3816 807 3878 dicis.
848 3817 880 3875 Si
902 3828 955 3884 est,
976 3817 1098 3894 aliquod
1111 3837 1165 3896 pro
1178 3828 1208 3875 te
1221 3838 1312 3896 argu-

245 3907 375 3954 mentum
389 3897 493 3966 fateor,
506 3896 559 3953 sed
571 3897 701 3965 fluxum3
717 3897 786 3976 quia
798 3897 898 3975 plures
913 3897 1034 3953 fuerunt
1044 3896 1195 3956 Eumenii:
1216 3897 1240 3955 si
1251 3917 1312 3957 non

246 3986 299 4042 est,
321 3975 393 4052 quid
413 3993 500 4052 urges
522 3994 580 4031 non
595 3975 713 4052 ancipiti
725 3975 920 4054 conjectura?
943 3975 1003 4033 Sed
1013 3975 1117 4034 transis
1128 3976 1164 4034 ab
1177 3975 1235 4033 hoc
1245 3996 1313 4034 mu-

244 4054 327 4110 scnlo
342 4054 380 4112 ad
394 4053 542 4130 duplicem
555 4052 693 4120 arietem3
716 4074 790 4132 quos
805 4056 955 4131 intorques
969 4054 1064 4112 verbis
1078 4066 1110 4112 et
1122 4052 1232 4111 viribus
1247 4054 1310 4114 Eu·

244 4132 342 4200 menii,
354 4143 384 4189 et
398 4132 506 4190 moenia
518 4143 618 4192 nostra
632 4131 716 4190 valde
730 4135 836 4212 quatis.
877 4132 1017 4201 Primum,
1029 4133 1134 4209 inquis,
1146 4131 1311 4193 Eumenius

243 4210 306 4287 ipse
323 4211 411 4266 docet
432 4211 540 4268 sentire
561 4230 592 4269 se
614 4211 651 4268 de
673 4211 779 4279 Clivio,
798 4233 865 4271 cum
886 4211 937 4280 ait,
954 4212 1049 4270 urbem
1066 4230 1145 4269 suunt
1158 4209 1311 4272 latrocinio

246 4289 384 4346 llotuur'coe
393 4289 553 4349 rebellionis
563 4291 709 4361 obsessum,
718 4292 844 4350 Romani
853 4290 1145 4368 Principisuucilium
1141 4289 1308 4371 flagitasse.

244 4367 325 4424 Belle
346 4365 404 4423 lroc
425 4366 455 4422 in
478 4367 633 4428 Rhenanos
653 4370 772 4429 accolas
789 4371 938 4439 convenit,
954 4367 1004 4447 qui
1018 4366 1105 4426 vicini
1122 4370 1256 4428 Batavis:
1277 4371 1309 4427 in

237 4445 523 4524 Augustodunenscs
533 4448 581 4524 qui
594 4451 714 4530 potest?
729 4462 780 4508 aut
791 4450 855 4527 quis
866 4450 977 4518 credat,
988 4449 1115 4508 Batavos
1126 4451 1163 4508 ab
1174 4460 1310 4507 extremo
