3034 4967
240 225 295 282 114
574 225 604 284 J.
623 224 745 287 LIPSII
759 223 987 288 EXCURSUS

238 403 332 444 rerum
352 385 457 446 tributu
474 389 644 466 putiuntur:
667 409 728 448 cum
742 388 881 469 possessio
894 391 930 450 ab
943 391 987 450 bic
1000 391 1157 463 recesserit,
1172 393 1307 473 cnpbotio

238 485 294 524 mou
315 465 434 535 recedit,
453 466 567 525 scilicet
581 485 599 525 ιι
611 486 733 526 numero
751 468 892 544 jugorum
910 480 941 526 et
960 469 1223 548 cupitum„quibus
1242 473 1306 548 agri

238 542 385 603 coluntur.
427 543 487 602 Sed
507 562 673 621 persevero,
694 556 728 602 ut
749 544 830 603 Galli
850 545 880 603 in
901 546 999 624 capitu
1019 548 1199 606 contulerint
1216 549 1310 606 etium-

236 620 373 682 humans.
413 623 461 680 De
470 623 547 700 agris
556 633 664 691 antem,
674 624 806 692 lacubus,
820 623 956 703 aliisque,
969 645 1037 703 qum
1045 625 1175 684 obnoxia
1183 627 1306 699 tributo,

236 697 328 757 habes
347 700 428 778 apud
446 700 678 759 iurisconsultus
699 703 745 761 De
766 701 905 760 censibus
927 713 958 760 et
980 705 1060 762 Pane
1082 703 1204 780 yristem
1222 705 1304 763 illum

235 775 331 854 ipsum
345 797 372 835 c.
385 782 415 838 t.
454 779 579 839 Jccebct
590 777 641 837 illu
655 779 754 838 civitas
767 799 824 838 mom
837 793 897 838 tom
909 781 1045 860 irrisor,
1057 724 1203 851 iomanis,
1217 804 1318 861 quom

235 855 337 914 uirium
357 855 510 936 dffeclioue
523 866 690 933 prostratu:
711 878 748 916 ec
760 879 817 935 quo
830 879 892 917 eam
904 861 969 918 noui
982 879 1079 918 census
1094 862 1305 920 eccuimuuerot

235 934 382 996 acerbitas.
420 935 483 994 Nec
491 939 667 1014 tomemjustc
679 933 757 1012 queri
762 945 888 1014 poterut,
895 956 959 995 cum
967 948 997 996 et
1005 959 1101 1017 agros,
1112 941 1162 1016 qui
1171 939 1306 1014 descripti

221 1013 357 1090 fueraut,
367 1013 540 1083 haberemus,
550 1026 579 1071 et
588 1012 730 1072 Gallicani
741 1032 839 1073 cemus
850 1016 989 1075 communi
988 1019 1123 1095 formula
1134 1030 1302 1086 teneremur,

235 1092 284 1170 qui
292 1092 428 1182 fortunis
447 1091 553 1151 memini
565 1111 711 1168 possumus
725 1093 845 1172 ‹equari›
885 1093 1012 1170 Utrique
1025 1095 1129 1152 censui
1141 1096 1211 1153 olim
1225 1115 1301 1172 prse-

257 1169 322 1227 osrti
337 1189 375 1229 ex
390 1170 484 1246 prims
495 1171 648 1230 nobilitate
658 1170 720 1240 viri,
730 1183 764 1230 ut
773 1171 890 1230 Drusus
898 1171 937 1230 sb
947 1174 1094 1250 Augusto,
1104 1173 1301 1232 Germanicus

233 1187 285 1307 bie
298 1266 316 1306 a
329 1247 460 1309 Tiberio.
499 1248 682 1324 videturque
696 1267 732 1307 eu
745 1267 805 1308 non
818 1249 928 1326 exigua
941 1250 1068 1327 dignitus
1081 1250 1183 1319 inisse,
1195 1271 1232 1309 ex
1242 1252 1302 1310 Tu·

233 1324 296 1386 cito
321 1331 365 1394 14,
385 1330 433 1387 46.
466 1325 580 1386 Census
595 1347 650 1407 per
673 1325 787 1386 Gallias
804 1349 823 1386 ο
846 1327 882 1403 Q.
904 1327 1016 1388 Volusio
1031 1342 1061 1387 ct
1074 1332 1141 1387 Seu.
1161 1331 1301 1406 Africano

234 1403 432 1482 ¹Ll'rcbellioquc
443 1405 575 1464 Monimo
590 1404 646 1464 ccli
658 1414 732 1473 suut,
747 1405 858 1465 zemulis
870 1406 944 1464 inter
956 1427 986 1464 se
991 1427 1049 1486 per
1060 1407 1232 1466 nobilitatem
1248 1409 1274 1466 V
1271 1428 1301 1466 o·

234 1483 306 1542 lusio
319 1491 403 1562 atquc
419 1484 567 1563 Africano.
614 1482 794 1555 Trebellium,
808 1484 875 1541 dum
888 1493 1006 1561 uterque
1017 1485 1199 1564 dedignatur,
1213 1507 1301 1563 supro

233 1560 333 1621 tulcrc.
372 1562 408 1619 In
421 1561 519 1640 lupide
534 1561 627 1638 (apud
641 1561 728 1620 Grut.
742 1579 772 1639 p.
782 1566 853 1629 431,
865 1565 907 1636 6.)
923 1579 1300 1626 Q.usu1nro.c.u.oonno,

234 1657 265 1696 ι’.
276 1653 348 1699 nuc.
362 1659 428 1700 xxi.
442 1661 545 1701 uerso.
557 1657 1039 1704 rnnur.uov1r.nxscr.us11svr.
1051 1659 1200 1702 crvrunu.
1211 1663 1301 1701 cnun-

233 1739 298 1778 κιο.
322 1739 389 1779 nvn.
414 1739 541 1779 cunnus.
563 1735 627 1777 ιιι.
668 1718 780 1788 idest,
802 1719 1129 1780 Ecastoritributorum
1154 1721 1299 1779 ciuitatum

232 1796 349 1857 Gallio.
391 1799 430 1857 Hi
449 1817 554 1856 census
572 1796 602 1854 in
620 1796 727 1855 tubulis
746 1796 911 1874 perscripti.
950 1798 1010 1857 Dio
1028 1798 1058 1854 in
1076 1798 1137 1856 vita
1155 1798 1299 1874 Caligulae

231 1879 283 1945 59,
300 1879 349 1934 22.
389 1871 517 1936 Κοξεύιον
529 1874 557 1934 li
570 1892 645 1942 ποτε,
658 1874 705 1932 uul
714 1874 821 1952 unlus,
830 1874 872 1934 irc
883 1873 930 1935 otiu
939 1872 977 1953 εἴη
988 1873 1165 1956 τόοὶργόριοο,
1176 1873 1261 1955 ᾔτησέ
1270 1899 1301 1935 τε

231 1951 285 2022 τοὶς
305 1961 361 2014 rsit
385 1960 523 2015 Γαλατῶν
545 1951 725 2032 ἀπογραφὰς,
749 1953 796 2013 seul
817 1955 849 2028 ἐξ
869 1953 963 2014 obruis
988 1953 1050 2021 τοὺς
1072 1955 1302 2024 πλουσιωτάτους

231 2033 653 2110 θανοτωθῇνοιικιλειίσαςωιο.
674 2032 762 2090 Unde
772 2031 881 2090 tubulae
889 2033 1041 2089 censuales
1049 2032 1079 2088 in
1087 2032 1297 2090 codiceTheo·
1318 2070 1320 2072 -

230 2109 353 2169 dosiano
362 2122 392 2168 et
401 2110 558 2169 Ju'stiniani
566 2109 587 2165 l.
597 2114 625 2167 4.
646 2109 695 2168 De
705 2109 808 2186 Agric.
820 2119 850 2165 et
859 2110 963 2166 sensit.
974 2119 1004 2166 et
1013 2109 1092 2178 alibi,
1104 2111 1219 2186 pagium
1228 2129 1296 2168 cen-

230 2188 336 2246 suales.
350 2185 859 2265 Antiquevidentursingulislustris.
872 2186 1157 2262 Panegyricuscd‘b.
1169 2189 1299 2264 Quinque

230 2286 371 2325 nouorum
379 2267 458 2326 uobis
468 2265 575 2344 reliqua
583 2265 723 2328 remisisti.
747 2263 897 2334 Olucrum,
907 2263 1032 2324 omuibus
1040 2265 1137 2322 lustris
1137 2267 1298 2342 feliciusl't

231 2354 284 2402 sut
303 2343 391 2402 ctiam
411 2345 533 2422 singulis
549 2343 640 2403 annis.
682 2343 758 2402 Nam
773 2360 846 2400 ecce
860 2342 889 2398 in
904 2341 1010 2402 Tacito
1023 2361 1101 2400 anno
1114 2355 1182 2420 post
1195 2347 1228 2403 Ρ.
1243 2345 1295 2402 vi-

229 2421 329 2482 tellius
340 2430 371 2482 e't
381 2423 518 2482 Scantius
528 2418 683 2482 mittuntur
694 2421 731 2478 ud
742 2438 847 2478 census
858 2418 1020 2482 Galliarum
1031 2425 1060 2490 2,
1071 2427 1098 2484 6.
1141 2421 1296 2480 Tribunum

227 2507 329 2560 tumen
349 2502 358 2558 i
380 2521 444 2563 sum
464 2501 580 2560 videtur
597 2500 665 2560 olim
682 2498 862 2574 descriptum
876 2496 966 2554 fnisse
980 2497 1010 2554 in
1024 2498 1155 2575 singulos
1168 2519 1294 2560 menses„
1316 2524 1320 2533 ¹

228 2577 331 2639 Docet
381 2591 462 2638 otum
482 2579 586 2639 Licinii
607 2576 808 2640 Procuratoris
822 2575 901 2652 apud
916 2574 1054 2644 Dionem,
1070 2577 1131 2654 qni,
1146 2589 1180 2635 ut
1192 2577 1244 2644 ait,
1258 2597 1295 2638 eo

226 2656 346 2716 malitiae
366 2669 550 2735 pervenerat,
571 2665 604 2712 ut
622 2653 758 2732 quoniam
773 2653 819 2714 sin
843 2653 898 2711 ulis
912 2654 1059 2712 mensibus
1074 2657 1216 2714 tributum
1230 2667 1294 2714 erat

200 2756 204 2770 ·
226 2733 323 2794 Gallis
341 2735 540 2814 pendendum,
554 2731 790 2809 quattuordecim
806 2787 810 2793 ,
831 2729 946 2789 efiniret
966 2731 1033 2792 anni
1052 2751 1175 2791 menses.
1216 2732 1294 2790 Vide

164 2812 171 2822 “
226 2831 290 2872 rem
303 2831 363 2871 non
374 2812 575 2891 injucundum,
584 2811 663 2887 apud
675 2809 818 2888 optimum
832 2809 1016 2895 scriptorem,
1030 2811 1111 2888 quod
1125 2811 1243 2889 quidem
1253 2811 1294 2874 sd

226 2890 300 2956 ritus
313 2891 425 2979 priscus
438 2891 555 2959 attinet,
569 2893 618 2960 54,
634 2893 681 2956 21.
1135 2892 1138 2898 ‘

743 3139 780 3194 L.

665 3292 757 3350 cAP.
776 3293 855 3351 XLI.
882 3358 886 3363 ,

217 3465 237 3498 ‘··
263 3449 444 3509 &nunnius
459 3447 555 3526 Calig.
574 3453 602 3508 8.
623 3467 681 3507 non
699 3449 811 3526 spernit
828 3450 923 3508 solum
941 3445 1116 3505 sententiam
1134 3446 1223 3516 hunc,
1237 3446 1291 3504 sed

218 3529 313 3606 'longa
325 3539 356 3588 et
368 3528 430 3587 ucri
444 3526 642 3604 disputatione
656 3528 772 3586 evertit.
811 3527 868 3585 Cui
887 3544 990 3584 manus
1010 3544 1068 3601 ego
1086 3525 1217 3584 nondum
1239 3524 1288 3584 do.

217 3607 304 3672 Quid
317 3606 414 3670 enimi
436 3624 473 3664 an
486 3605 593 3682 uulgus
607 3609 670 3682 ejus
681 3605 733 3662 sevi
751 3608 833 3676 (num
846 3603 982 3662 versiculi
995 3603 1048 3671 illi,
1062 3603 1196 3682 Caligula
1205 3601 1288 3661 Prin

216 3687 301 3764 nipe,
311 3685 410 3744 statim
420 3683 561 3760 divulgati
571 3689 652 3757 sunt)
667 3683 772 3742 nesciit
781 3682 971 3759 Imperatoris
980 3680 1025 3738 sui
1036 3682 1130 3739 solum
1140 3679 1290 3758 genitale?

218 3775 282 3823 tum
296 3763 459 3841 impudenti
471 3761 626 3821 mendacio
639 3762 742 3820 ludere
753 3763 802 3838 jus
814 3761 892 3819 fuit?
914 3761 982 3818 Non
996 3759 1106 3818 Plinius
1120 3771 1151 3817 et
1165 3758 1288 3816 Tacitus

216 3856 266 3910 es,
287 3861 353 3920 quae
369 3839 535 3909 Suetonius,
555 3839 767 3918 perviderunt?
788 3837 909 3896 Scilicet
922 3837 957 3895 iis
971 3856 1043 3896 curn
1055 3834 1185 3894 nonfuit
1196 3835 1289 3912 inspi-

219 3919 318 3987 ciendi
330 3923 429 3979 Auta-i
452 3918 523 3996 logie
543 3935 602 3976 non
613 3918 719 3996 copia?
741 3936 836 3993 nugae,
876 3916 920 3973 As
931 3915 1021 3984 enim,
1031 3915 1137 3992 inquit,
1147 3925 1231 3971 natus
1242 3923 1290 3971 ost

216 3995 309 4055 Cuius
319 4010 402 4074 patre
413 4017 467 4056 suo
477 3993 508 4055 et
516 4001 552 4055 C.
564 3996 686 4054 Fonteio
699 4013 783 4052 coss.
803 4004 888 4072 poter
902 4005 1002 4052 sutem
1013 3993 1206 4052 Consulatum
1217 4008 1288 4048 eum

216 4092 295 4131 nuno
309 4085 372 4133 toto
387 4075 488 4152 gessit,
501 4087 532 4134 et
545 4074 664 4152 quidem
677 4073 707 4130 in
722 4073 806 4132 urbe,
844 4071 915 4128 Non
934 4071 1024 4148 igitur
1043 4069 1124 4128 nasci
1143 4068 1240 4158 potuit
1256 4069 1288 4126 in

214 4151 337 4220 ‘castris3
356 4154 495 4230 quonium
511 4163 596 4232 puter
611 4152 732 4210 densum
749 4160 859 4211 exacto
874 4149 1038 4215 Consulatu
1050 4149 1082 4206 in
1096 4147 1287 4207 Germaniam

248 4323 262 4352 '⁸
280 4323 343 4372 Puto
351 4324 476 4385 legurdum
488 4327 571 4376 luniso,

156 4455 159 4462 ἱ
243 4387 497 4452 thcchtussmm
562 4397 566 4406 “
