3034 4967
571 270 788 333 DlALOGUS.
808 269 893 331 GAP.
914 276 941 333 9.
1251 274 1285 331 ot

230 430 412 518 eloquentia
421 430 568 499 beneficio
578 436 710 518 venisse)
723 434 852 521 sedipsa
861 431 1057 519 eloquentia3
1069 432 1164 518 cujus
1173 454 1290 497 numen

232 529 264 577 et
278 517 406 581 coelesds
419 518 466 581 vis
480 521 580 585 multa
592 520 718 607 quidem
733 520 879 585 omnibus
892 517 1012 582 saeculis
1025 516 1169 603 exempla
1181 517 1289 595 edidit,

232 599 273 663 ad
287 615 434 686 quantam
446 626 550 689 usqne
570 606 727 669 fortunam
750 604 890 669 homines
909 602 1025 689 ingenii
1045 602 1163 667 viribus
1182 624 1292 688 perse

231 684 341 750 nerint.
379 688 450 751 -Sed
470 688 548 767 haec,
564 705 600 753 ut
614 689 800 776 supradixi,
819 711 878 775 pro
900 688 956 765 ria,
970 699 1002 751 et
1016 708 1089 773 quae
1102 708 1165 749 non
1179 687 1291 753 auditu

232 791 269 832 co
312 773 455 849 oscenda,
470 774 524 837 sed
539 774 635 838 oculis
650 774 817 860 spectanda
837 710 997 837 haliemus.
1041 773 1134 849 Nam,
1147 794 1213 858 quo
1227 795 1293 836 sor-

232 853 266 917 di
291 854 338 919 'us
351 869 383 920 et
395 857 548 944 abjectius
562 858 626 923 nati
641 870 724 937 sunt,
739 880 880 944 quo-que
893 856 1058 921 notabilior
1065 869 1239 943 ‘paupertas
1259 869 1292 920 et

233 940 378 1025 angustia
390 964 494 1007 rerum
510 955 667 1008 nascentes
682 966 733 1007 eos
747 942 1035 1015 circumsteterunt}
1058 964 1096 1004 eo
1106 941 1245 1019 clariora,
1261 954 1293 1005 et

233 1024 275 1087 ad
289 1024 559 1093 demonstrandam
574 1028 715 1093 oratoriae
729 1027 915 1113 eloquentiae
935 1026 1102 1091 utilitatem
1115 1025 1294 1091 inlustriora
1315 1026 1319 1034 ’

234 1108 376 1195 exempla
390 1123 480 1187 sunt;
505 1114 592 1199 quod
606 1114 671 1179 sine
686 1112 952 1177 commendatione
964 1111 1127 1188 natalium,
1142 1112 1208 1175 sine
1223 1111 1294 1176 sub-

235 1194 348 1259 stantia
360 1196 555 1276 facultatum,
568 1212 678 1263 neuter
691 1196 830 1261 moribus
840 1198 995 1284 egregins,
1007 1196 1086 1261 alter
1097 1196 1206 1261 habitu
1217 1220 1295 1282 quo-
1338 1192 1345 1209 '

235 1302 298 1365 que
311 1282 448 1367 corporis
460 1296 667 1370 contemptus,
727 1282 873 1346 rmultos
891 1282 961 1368 jam
973 1304 1071 1347 annos
1090 1282 1294 1367 potentissimi

148 1404 152 1409 -
236 1376 310 1428 sunt
323 1364 465 1446 civitatis,
481 1392 527 1445 ac,
543 1369 640 1433 donec
660 1368 683 1431 li
707 1368 764 1444 uit,
786 1367 941 1454 principes
953 1367 1024 1445 fori,
1039 1388 1123 1431 nunc
1141 1366 1296 1453 principes
1317 1379 1320 1383 ’

236 1446 270 1510 ἱη
285 1449 415 1515 Caesaris
433 1453 576 1531 amicitia,
597 1466 697 1539 agunt
717 1453 886 1601 feruntcppp
906 1465 1027 1531 cuncta,
1049 1464 1145 1549 atque
1165 1453 1206 1517 ab
1227 1451 1296 1537 ipso

237 1533 382 1621 Principe
403 1560 473 1601 curn
488 1539 624 1624 quadam
646 1537 817 1603 reverentia
853 1537 1021 1623 '‘guntur:
1043 1560 1119 1623 qma
1132 1536 1297 1623 Vespau'a·

234 1639 308 1696 snus,
328 1622 509 1688 venerabilis
530 1646 623 1688 senex
644 1636 676 1687 et
700 1622 942 1711 patientissimus
960 1623 1020 1696 vir,
1036 1622 1116 1687 benc
1140 1620 1296 1719 intelligit,

238 1717 353 1767 ceteros
368 1707 495 1803 quidem
516 1709 630 1773 amicos
644 1731 716 1773 suos
734 1707 792 1771 niti
813 1708 861 1785 iis,
876 1731 949 1793 quse
969 1708 1010 1771 ab
1029 1707 1099 1793 ipso
1112 1719 1296 1793 acceperint,

238 1810 373 1873 quaeque
385 1791 444 1875 ipsi
457 1793 657 1859 adcumulare
673 1808 705 1857 et
723 1792 755 1856 in
769 1792 845 1856 alios
859 1814 1024 1877 congerere
1036 1805 1218 1888 promptum
1232 1805 1295 1855 est:

233 1871 429 1937 Marcellum
450 1888 556 1937 autem
572 1892 604 1938 et
618 1877 766 1960 Crispum
787 1875 935 1938 adtulisse
954 1876 997 1939 ad
1017 1875 1184 1939 amicitiam
1198 1895 1310 1952 suam,

237 1955 324 2042 quod
339 1979 403 2021 non
416 1982 435 2023 a
450 1958 596 2044 Principe
609 1958 792 2107 acceperint,
803 1979 860 2021 nee
870 1959 967 2043 accipi
978 1959 1084 2044 possit
1129 1957 1299 2041 Minimmn

180 2072 199 2090 κ
237 2041 319 2104 iuter
333 2052 381 2106 tot
395 2066 430 2107 ac
444 2054 531 2108 tanta
544 2043 646 2107 locum
660 2067 680 2107 o
703 2042 802 2106 tinent
820 2042 969 2127 imagines
983 2066 1019 2106 ac
1033 2042 1116 2107 tituli
1130 2054 1163 2109 et
1176 2056 1298 2122 statuas,

238 2146 311 2223 quae
323 2148 424 2212 neque
443 2128 511 2215 ipsa
524 2140 627 2193 tamen
642 2126 857 2214 negliguntur,
873 2141 948 2204 tam,
964 2128 1100 2208 hercule,
1114 2152 1210 2215 quam
1221 2129 1300 2195 divi-

240 2224 292 2275 trae
315 2223 347 2273 et
365 2236 449 2299 opes,
472 2238 551 2300 quas
570 2212 691 2279 facilius
711 2212 855 2280 invenies,
869 2212 925 2298 qui
946 2213 1112 2300 vituperet,
1127 2236 1224 2301 quam
1242 2213 1298 2301 qui

241 2294 385 2361 fastidiat.
431 2298 493 2363 His
515 2298 612 2385 igitur
627 2310 658 2362 et
678 2297 850 2362 honoribus
871 2310 903 2361 et
923 2299 1111 2365 ornamentis
1124 2312 1156 2365 et
1169 2299 1300 2365 facula

234 2380 324 2445 ¹tibus
337 2382 466 2447 refertas
479 2384 588 2448 domos
602 2404 710 2447 eorum
724 2382 876 2460 videmus,
891 2383 947 2468 qui
961 2406 993 2447 se
1005 2385 1047 2448 ab
1059 2384 1186 2451 ineunte
1196 2384 1301 2451 adolo-

241 2464 354 2529 scentia
368 2468 483 2533 caussis
495 2468 715 2537 forensibuset
728 2466 863 2530 oratorio
877 2467 982 2531 studio
995 2468 1161 2534 dederunt

236 2590 240 2596 ·
283 2550 349 2618 IX.
365 2554 449 2618 Nam
464 2554 600 2621 carmina
613 2566 646 2618 et
659 2574 778 2630 versus,
792 2551 908 2639 quibus
917 2564 1014 2632 totam
1026 2554 1122 2620 vitam
1133 2527 1299 2621 Maternus

239 2834 273 2875 tar
288 2823 371 2873 millies
386 2824 515 2874 mutuum
530 2822 620 2887 (pondo
630 2822 689 2882 scil.)
706 2819 753 2869 illis
785 2820 912 2869 astlacrrna
921 2820 1146 2884 inserpoansssmt
1157 2832 1180 2872 st
1192 2838 1234 2871 ace
1250 2838 1302 2873 sam

237 2884 326 2953 ¹(Eprio
342 2897 364 2936 et
374 2886 467 2952 Crispo)
477 2888 554 2951 potius
569 2899 603 2936 est
616 2902 688 2951 quam
703 2885 754 2949 ipss
785 2884 930 2947 explevitsic
937 2886 1039 2950 Lipsius.
1070 2889 1139 2935 Esus.

238 2952 374 3016 eloquentia
410 2953 519 3000 Aliomm
535 2953 683 3013 conJacmrss.
699 2948 752 3013 qni·
817 2950 901 3017 Agsst
909 2951 1039 3012 feruntque
1054 2953 1149 3019 casato]
1169 2950 1302 2999 Valdehoc

238 3018 283 3065 bus
292 3017 461 3079 hoc-prastot
471 3025 505 3063 est
520 3016 571 3075 hoc,
586 3016 646 3063 hauc
660 3013 753 3063 celebri·
784 3012 860 3060 alieno
869 3014 929 3071 loco,
939 3014 964 3060 in
977 3014 1046 3062 laude
1055 3014 1194 3069 hominum
1211 3024 1303 3062 nsc've-

240 3089 310 3129 tatem
320 3080 433 3135 conciliat,
444 3080 537 3128 exhibet
550 3080 656 3128 Schulse·
785 3090 839 3122 rum
849 3085 892 3124 cst.
913 3077 966 3123 Aut
976 3078 1072 3140 scriptor
1082 3077 1155 3124 libelli
1165 3077 1219 3135 alio,
1231 3093 1304 3140 quam

239 3182 240 3185 ,
274 3147 388 3207 Utsupra
398 3142 460 3205 disi]
472 3144 557 3191 Totam
567 3142 688 3207 periodum
699 3141 753 3189 scri·-
786 3139 867 3187 Latini
880 3140 962 3199 solent,
978 3155 1046 3188 sensu
1056 3140 1124 3200 dixit,
1140 3149 1182 3189 sut
1195 3141 1303 3191 vitiosum

267 3209 273 3221 ’
302 3208 338 3257 uti
351 3208 377 3254 in
397 3208 536 3255 Fsmcsimo
551 3216 666 3267 concepta.
698 3206 754 3253 Non
787 3211 828 3251 cst.
860 3204 934 3271 Ean.
1290 3233 1294 3242 ι

239 3224 358 3335 diiplicsst
369 3280 448 3319 tamen
465 3286 478 3317 c
495 3270 595 3333 vulgatis
610 3270 682 3329 libris,
695 3284 754 3331 pro·
824 3270 1304 3331 erasttuasessspattesrtssmmvs.

234 3338 470 3400 priaproprcrs'ma.
482 3334 558 3382 L1rs.
575 3334 653 3381 Immo
654 3336 763 3396 propria
787 3332 822 3397 ri]
834 3332 957 3381 Acidalins
967 3327 1134 3398 qumquam
1143 3334 1182 3383 hic
1190 3338 1305 3397 patientta

239 3398 562 3523 fflllpmlt‘laltll
578 3398 623 3446 ⁶¹²⁶
638 3400 754 3446 'W'
786 3397 1305 3513 ttttmt‘ttttttttttt

235 3569 239 3575 .
269 3480 755 3593 Angustngremm]1tom.stiao‚asgs.
781 3524 903 3588 lipsium.
925 3477 1053 3588 'ligium
1069 3542 1167 3590 quares,
1184 3544 1256 3592 quare
1267 3528 1306 3575 hie

239 3593 284 3639 ssa
298 3598 411 3653 ereptum,
422 3605 452 3638 ex
463 3606 510 3655 quo
522 3590 668 3654 Rodolphus,
679 3608 755 3653 araga·
788 3591 1101 3639 murmurmurmur.
1119 3590 1191 3641 nas.
1208 3592 1306 3654 Carpa-

238 3650 440 3716 stia'parmtame
460 3659 510 3719 ega,
528 3656 644 3718 angustis
665 3670 754 3703 cerasa.
789 3655 949 3711 masma,
959 3667 1015 3703 mox
1030 3662 1103 3717 patet,
1115 3656 1156 3704 ubi
1171 3656 1307 3705 refermdc

239 3718 315 3767 ers.
639 3752 641 3757 -
683 3728 684 3731 ’
788 3717 921 3779 bonisnon
934 3719 965 3767 ab
983 3719 1033 3783 ipso
1050 3717 1246 3783 professaque
1261 3718 1307 3766 ini-

271 3786 321 3831 Eos
340 3784 554 3847 circumsteterant]
571 3782 655 3831 Minus
672 3782 756 3832 Latine
788 3796 850 3893 psus
863 3782 974 3847 Princeps
986 3798 1046 3847 agre
1060 3784 1137 3831 ferret
1174 3783 1230 3828 νηί
1245 3798 1305 3847 prse-

235 3846 335 3903 dictum,
344 3848 371 3895 u't
377 3855 400 3895 et
405 3862 462 3896 mox
469 3848 537 3907 illud,
544 3849 673 3895 assuatis
674 3850 757 3911 scesl-
781 3880 784 3887 ·
798 3860 880 3906 enan,
892 3846 979 3896 desset
988 3864 1004 3896 a
1013 3848 1086 3895 libris.

239 3917 323 3959 catuna
341 3911 414 3959 Ean.
434 3911 586 3974 AtCic.ipse
594 3910 754 3973 Phin1u1o.
782 3933 787 3952 ι
819 3909 930 3970 Nassa,
942 3915 1005 3976 με]
1022 3914 1061 3960 Its
1070 3911 1134 3958 deest
1148 3908 1173 3956 in
1189 3909 1242 3960 cdd.
1258 3912 1305 3977 pri.

238 3977 421 4038 mnatasosfctc
429 3978 598 4025 arcumstast:
609 3975 756 4039 etPlin.ps·
787 3975 839 4024 sois.
855 3974 936 4040 Lipsio
943 3976 1047 4025 debetm.

238 4040 755 4167 *mvsa
781 4038 1307 4167 stammam

239 4164 278 4220 sa
559 4182 563 4198 =
746 4136 754 4164 ’
787 4175 842 4217 aaa.
870 4166 1304 4230 cumanam?

261 4232 756 4297 Potestissualscstcivltatisfltodolphus,
783 4232 866 4298 lars.
899 4232 948 4287 Qut
964 4228 1043 4278 addidi
1062 4246 1092 4279 cx
1111 4230 1165 4280 add.
1179 4240 1234 4280 vett
1253 4239 1306 4296 post

234 4296 540 4363 mussitamus·
561 4296 638 4348 lars.
662 4297 692 4347 In
704 4296 755 4347 add.
787 4313 866 4362 quom.
900 4292 1125 4347 IuetMSS·Vat.
1148 4294 1220 4345 Bau.
