3034 4967
239 230 279 285 40
485 226 588 291 JUhll
609 224 741 289 AGRlC.
759 226 867 291 Vtut.
888 223 978 291 CAP.
996 228 1046 293 37.

148 442 150 447 ,
246 410 305 453 mae
328 384 447 476 fugere,
462 382 609 456 covlnaiil
623 392 770 479 pediturn
781 416 815 456 se
828 392 940 479 proelio
953 393 1120 456 miscuere:
1136 403 1179 468 et,
1194 384 1305 477 qimttt«

247 496 341 559 quam
364 489 516 540 recentem
539 491 686 541 terrorem
709 477 889 555 intulerant,
914 476 1018 541 densis
1041 490 1144 540 tamen
1165 474 1303 540 hostium

246 557 946 647 agminibusetinaequnlibuslocishaerebant:
961 560 1305 647 minimequeeqnestris
1326 588 1332 605 ·
1376 584 1382 593 ·

246 666 284 708 ea
296 664 412 740 pugnae
426 645 518 710 facies
539 657 616 723 erat,
630 668 702 711 cum
723 670 807 733 aegre
819 646 875 710 diu
897 658 1022 723 stantes,
1037 646 1129 711 simul
1150 663 1304 743 equorum

246 729 427 814 corporibus
447 729 677 817 inpellerentur‚
692 755 728 795 ac
749 754 831 818 soepe
851 731 924 817 vagi
944 754 1066 808 currus,
1079 729 1218 795 externti
1238 728 1304 793 sine

247 812 418 878 rectoribus
432 816 513 901 equi,
531 828 566 879 ut
580 839 736 902 quemque
750 817 885 881 formido
906 815 1031 895 tederet,
1046 830 1234 879 transversos
1246 828 1303 879 aut

247 896 355 961 obvios
370 897 577 965 incursabant.
837 924 840 931 ·
1000 905 1008 921 ¹
1057 944 1060 948 f
1092 942 1096 949 ·
1214 946 1218 953 -

291 983 482 1048 XXXVII.
505 986 706 1063 trutissant,
721 986 776 1071 qui
785 985 888 1049 adhuc
902 1004 1020 1073 pugnae
1030 1000 1172 1072 expertes
1182 1004 1304 1047 summa

247 1066 373 1131 collium
383 1062 568 1148 insederant,
579 1082 610 1134 et
621 1070 811 1157 paucitatem
821 1085 997 1135 nostrorum
1006 1070 1097 1134 vacui
1107 1069 1304 1157 spernebant,

247 1150 376 1249 degredi
393 1154 565 1239 paullatim,
581 1170 612 1218 et
634 1154 795 1219 circumire
810 1169 898 1241 terga
916 1154 1105 1219 vincentium
1123 1161 1141 1219 c
1211 1169 1302 1217 rant:

248 1236 281 1299 ni
294 1236 431 1323 idipsum
446 1240 563 1304 veritus
578 1239 737 1325 Agricola,
753 1241 889 1325 quatuor
902 1239 1044 1326 equiturn
1058 1238 1134 1318 alas,
1200 1237 1305 1301 subita

248 1321 321 1385 belli
346 1334 491 1399 retentas,
516 1324 710 1389 venientibus
734 1348 754 1389 o
777 1324 939 1411 posuisset,
965 1340 1146 1410 quantoque
1170 1322 1304 1387 ferocius

247 1420 464 1483 accurrerant,
480 1420 567 1472 tanto
586 1408 687 1474 acrius
707 1348 815 1505 pulice
836 1408 869 1471 in
894 1410 1005 1495 fugam
1028 1408 1224 1495 disjecisset-
1252 1406 1305 1471 Ita

248 1491 408 1555 consilium
424 1493 645 1557 Britannorum
662 1494 694 1557 in
708 1516 792 1579 rpsos
804 1516 945 1558 versum:
967 1508 1108 1558 transvec
1172 1516 1212 1556 ue
1224 1514 1304 1578 prte-

247 1589 338 1673 cepto
363 1577 466 1641 Ducis
493 1602 513 1641 a
539 1579 643 1643 fronte
666 1579 877 1665 pugnantium
901 1578 970 1656 alae,
1000 1601 1139 1642 aversam
1189 1579 1305 1640 ostium

248 1682 344 1723 actem
379 1661 526 1726 invasere.
586 1666 674 1727 Tum
707 1686 782 1727 vero
813 1663 993 1748 patentibus
1011 1662 1097 1726 -locis
1126 1661 1245 1748 grande
1271 1674 1305 1726 et

248 1758 339 1809 atrox
357 1747 584 1833 spectaculum:
608 1748 707 1835 sequi,
728 1746 902 1827 vulnerare,
924 1771 1045 1835 capere,
1059 1761 1154 1833 atque
1167 1746 1304 1825 eosdem,

247 1914 328 1965 vlnsrii
342 1918 476 1981 aristantur,
493 1922 533 1971 sed
549 1922 625 1971 rerbis
646 1922 759 1985 corrigen-
790 1922 868 1970 fulme-
900 1918 1305 1982 Domemmmonpedttatnpe-

246 1981 289 2029 dis.
335 1982 401 2042 Quid
415 1985 498 2040 dicam,
513 1986 611 2034 ennea?
633 1988 717 2045 suavis,
737 1995 760 2034 et
791 1986 909 2033 ditosesse
918 1988 948 2033 ab
957 1986 1022 2049 equis
1032 1984 1154 2043 etessedis,
1163 1992 1305 2093 utpngnere

246 2046 343 2093 molesta
357 2063 395 2095 ess
419 2064 467 2096 rem
486 2050 559 2108 video,
577 2052 645 2097 verbo
660 2050 758 2113 requiro.
792 2065 834 2096 suo
846 2064 910 2097 more
922 2063 969 2095 non
987 2056 1085 2110 possent.
1119 2046 1177 2096 Post
1215 2044 1306 2095 rillerus

152 2142 156 2149 -
248 2110 319 2167 Puto,
330 2114 545 2175 Intertmeqm'tum
556 2121 640 2159 turmoe
650 2115 759 2173 effudere,
792 2112 889 2174 Obshp.
910 2113 965 2159 424.
982 2112 1082 2170 conjicit,
1097 2126 1150 2157 cum
1166 2125 1230 2171 ‹eg-re
1244 2112 1306 2157 clivo

248 2180 271 2221 et
277 2173 393 2221 contrarii
399 2176 508 2237 peditum
518 2192 542 2223 ee
549 2178 634 2237 proelto
641 2178 761 2222 miscuere.
793 2180 885 2229 smnus,
893 2170 1016 2237 repedites
1022 2174 1132 2221 Romani.
1143 2173 1262 2221 Broterit‘ts
1269 2189 1306 2224 re·

248 2238 301 2284 Aut
317 2238 401 2299 potius,
418 2246 503 2285 turmo
513 2242 590 2299 effuse
606 2246 628 2285 et
639 2240 762 2287 contrarii.
793 2239 854 2299 cepit
863 2239 984 2287 lectionem
995 2238 1050 2285 MS.
1059 2238 1114 2285 Vet
1125 2253 1179 2283 cem
1189 2237 1252 2298 oegr'e
1263 2239 1306 2285 dia

248 2301 354 2347 Profecto
363 2302 412 2361 jaun
422 2312 562 2365 pugnarunt,
572 2312 595 2349 et
603 2317 701 2365 sequens
709 2316 762 2349 nar·
793 2307 887 2361 muter,
899 2302 962 2365 quod
972 2302 1043 2349 veteri
1052 2301 1143 2349 lectioni
1153 2303 1212 2349 bene
1223 2316 1306 2350 eonve-

248 2364 306 2411 ratio
316 2373 364 2412 tota
374 2364 444 2413 dicit:
463 2366 562 2414 attende.
596 2366 671 2414 lates.
705 2366 761 2413 Non
792 2365 835 2412 nit.
863 2366 935 2413 Ean.
964 2365 1011 2413 Pro
1022 2365 1117 2428 vulgato
1132 2365 1307 2429 pugnantBip.

248 2428 316 2475 ursle
344 2429 396 2491 Ego
405 2437 482 2477 tamen
491 2430 571 2477 malim
579 2442 684 2492 erupere,
691 2446 721 2478 sc.
731 2430 762 2477 ad
793 2430 918 2491 conjiciunt
928 2440 1005 2477 temen
1016 2431 1111 2490 nquutu
1124 2430 1176 2477 loeo
1182 2430 1306 2491 peteras,

248 2492 362 2555 impetum
378 2493 518 2549 laciendum,
530 2494 593 2557 quod
606 2509 654 2542 esse
665 2495 761 2542 verbum
793 2508 920 2557 perperam.
936 2496 1042 2542 Minime
1048 2496 1160 2554 equestris
1166 2492 1305 2556 pugnafuir,

248 2557 357 2603 usitatum
373 2556 451 2605 inhec
466 2572 497 2613 re,
510 2557 544 2606 H.
555 2560 579 2617 2,
594 2560 632 2606 26.
645 2556 759 2606 vidimus:
793 2554 1009 2620 equitessfugerent,
1026 2558 1253 2605 covinarii'solebant
1265 2557 1306 2605 de-

247 2620 376 2682 corruptele
394 2630 501 2690 enecet,
518 2622 581 2683 quod
602 2621 679 2683 prime
695 2622 762 2669 litere
793 2620 856 2668 ssslre
866 2621 1110 2684 demmetpedibus
1120 2634 1239 2685 pugnaret
1251 2620 1306 2670 tine

247 2685 355 2747 absorpto
364 2684 538 2731 suerateflnali
553 2684 700 2748 precedentis
710 2700 761 2735 ver·
794 2687 1238 2747 uogicurrrreetequtrr‘rrerectoribur.
1264 2685 1306 2733 Ex

215 2788 235 2821 χ
247 2748 279 2795 bi.
310 2750 407 2809 Fugere
414 2746 516 2795 defendit
526 2748 761 2809 Broterius,setleJus
792 2762 820 2794 ea
829 2748 894 2797 enirn
903 2749 1006 2797 lectionis
1020 2748 1100 2812 prisea
1112 2750 1167 2813 Bip.
1179 2748 1306 2797 faciuntea

246 2812 344 2867 rationes
360 2812 418 2859 mihi
436 2826 483 2859 non
502 2812 651 2860 satisfaciunt.
684 2812 758 2861 Eure.
791 2816 851 2865 tuns.
892 2812 954 2861 Dein
971 2814 1029 2861 bene
1044 2828 1098 2860 eum
1119 2814 1185 2861 Brot.
1201 2827 1306 2875 recepere

246 2875 299 2923 Hoc
310 2890 403 2939 quoque
414 2884 507 2923 tuentur
519 2876 575 2941 Bip.
592 2877 648 2926 item
659 2876 761 2925 Seheffe-
791 2874 902 2924 Vaticani
918 2892 981 2939 aegrr
996 2878 1038 2924 diu
1054 2883 1149 2937 nonus,
1166 2891 1210 2924 nec
1224 2875 1306 2933 macies

245 2954 291 2987 rus.
791 2946 869 2987 tamen
881 2940 904 2987 Τ
917 2942 923 2952 ’
941 2940 974 2989 eri
985 2942 1122 3001 conjectura
1296 2974 1299 2979 -
1382 2985 1384 2988 .

269 3002 758 3069 Dentirtomenlrortiumcrgminlbquon
822 3006 897 3065 Irrgr
928 3021 944 3051 u
954 3006 1052 3067 stanter]
1065 3003 1258 3058 Hereborttenim
1268 3004 1305 3065 to.

245 3067 328 3131 placet,
339 3068 416 3131 ipsum
424 3064 542 3116 Romanos
549 3068 586 3116 hic
596 3070 669 3116 horter
678 3068 770 3133 appel·¹
790 3068 823 3114 cis
833 3069 927 3131 iniquis,
938 3068 1039 3125 utdixit,
1050 3073 1101 3115 tum
1112 3076 1135 3115 et
1144 3066 1246 3115 wofurte
1253 3066 1304 3117 Ito-

150 3142 156 3157 ·
244 3132 372 3195 lare,quasi
380 3141 483 3195 respectu
494 3131 525 3179 sd
536 3132 660 3181 Britannos
670 3132 756 3181 habito.
789 3146 860 3179 mana
871 3132 992 3181 velsoeiali
1002 3131 1066 3179 acie.
1086 3132 1162 3179 lates.
1187 3130 1245 3181 vtd.
1253 3142 1301 3182 not.

244 3194 324 3242 Multo
335 3196 478 3244 commodius
494 3196 593 3255 videtur,
609 3206 637 3243 ut
652 3197 757 3259 legamus
788 3197 894 3259 proxime
904 3196 1052 3258 superiorem.
1085 3194 1157 3243 Eure.
1295 3232 1298 3237 ,

243 3272 298 3307 eum
307 3256 547 3307 Muretorwrtrorum.
568 3260 660 3307 Gnou.
680 3261 758 3309 Probo
822 3259 1299 3325 ssmuiequorumcorporsthQuitua.

244 3322 337 3386 etipse
381 3322 448 3369 Licet
464 3330 541 3370 tamen
558 3323 627 3369 etiam
645 3324 757 3383 conjicere
788 3321 845 3381 rius,
857 3338 928 3386 quam
940 3324 1024 3371 beced
1034 3324 1254 3387 singularesequites
1264 3334 1300 3373 re·

244 3387 382 3434 cohortium.
409 3385 481 3432 Ena.
509 3386 657 3433 Alterutrum
675 3389 757 3451 probat
789 3384 897 3443 fenendor
914 3388 955 3450 qni
971 3394 1055 3434 stantes
1071 3387 1234 3451 herentesque,
1251 3389 1300 3439 sine

245 3450 310 3496 Brut.
320 3450 406 3497 Contra
414 3449 534 3497 Aridulius
544 3449 653 3513 intelligit
663 3450 758 3513 agmina
789 3464 831 3497 suo
840 3451 939 3513 impetu,
949 3450 1080 3499 lucilerum
1090 3451 1147 3514 ipsis
1153 3450 1218 3515 equis
1227 3453 1299 3517 pelle·

245 3513 421 3571 Britannorum,
434 3513 496 3576 quod
512 3522 534 3561 et
551 3512 665 3561 Scheffero
679 3515 757 3578 placet
788 3514 873 3561 bantur
883 3514 987 3576 apedite,
999 3515 1022 3563 ri
1033 3515 1171 3577 ingruente?
1191 3515 1265 3565 Ln‘s.

244 3587 268 3626 et
284 3576 421 3640 sipontinis,
440 3576 480 3623 sed
496 3576 528 3626 sic
544 3592 619 3625 nexus
634 3580 756 3629 verborum
826 3580 979 3625 Trarrsnerror
989 3584 1032 3625 aut
1042 3579 1129 3641 οὸυίω]
1145 3580 1232 3638 Quos?
1249 3581 1299 3629 Ro·

241 3641 365 3706 requireret
374 3654 478 3688 sumum.
787 3646 888 3689 manos?
910 3658 971 3690 non:
995 3642 1035 3690 sed
1052 3643 1114 3706 ipsos
1129 3660 1182 3692 suos
1208 3644 1297 3706 uites,
1389 3675 1398 3683 —

270 3708 419 3766 Minimeque
425 3704 537 3765 equestris
544 3720 570 3753 ea
574 3722 665 3769 pagare
664 3707 753 3771 secter]
787 3722 846 3769 quos
860 3709 985 3755 turbabant
1000 3716 1041 3754 aut
1051 3711 1188 3755 evertebant.
1245 3722 1298 3757 trs.

243 3769 317 3817 Vides
330 3769 573 3831 equertreprselium'rl
585 3770 688 3818 nondum
701 3786 755 3833 ergo
787 3770 866 3818 Immo
882 3772 1010 3828 Romanos,
1024 3779 1052 3818 ut
1066 3772 1153 3834 opinor.
1187 3773 1249 3821 Mox
1258 3775 1299 3821 rie·

241 3832 754 3895 fuguunuutrulgatalectiorolebst.Ltus.
782 3836 853 3894 great
869 3834 940 3881 edidit
951 3834 1059 3883 Pidrens.
1092 3836 1224 3899 Superiores
1237 3838 1299 3885 male

242 3896 317 3945 Vetus
327 3898 406 3947 lectio:
427 3898 568 3957 minimeque
577 3905 706 3959 equestres.-
727 3914 754 3947 ea
783 3900 884 3959 digredi.
916 3898 989 3947 Etru.

242 3964 305 4008 enlm
312 3963 482 4026 pugnoefudet
491 3967 550 4021 eret,
566 3977 620 4009 eum
635 3976 701 4023 oegre
712 3964 753 4009 eru
818 3964 898 4023 Sequi,
910 3964 1039 4018 culturare,
1050 3964 1142 4026 capere]
1153 3964 1175 4011 Il
1186 3964 1297 4013 Sallustio

242 4032 284 4073 out
295 4030 368 4073 stante
379 4036 421 4075 etc.
453 4024 524 4085 Quod
538 4038 601 4073 nunc
614 4026 707 4089 tegitur,
720 4036 754 4073 est
785 4026 916 4073 sumtahaec
924 4027 1296 4091 seio,quiinJugurtltltll.tum

241 4090 272 4137 ab
288 4088 379 4151 ingenio
392 4089 517 4152 Rhenani:⁸
541 4088 595 4135 non'
605 4090 679 4153 magis
694 4090 753 4138 illud
784 4091 1056 4151 spectaculumlmrtttle
1064 4094 1090 4138 trs
1098 4095 1186 4153 campis
1190 4095 1296 4152 patenti-

156 4184 164 4197 .
207 4184 210 4188 -
241 4151 426 4215 multigenerum,
459 4168 513 4200 uam
528 4153 600 4217 prius.
632 4154 698 4201 Bene
713 4154 753 4201 Pi-
784 4154 1109 4215 bur,rcqui‚fugere,occtdi,
1120 4158 1179 4220 capt,
1194 4156 1296 4218 eperat.

241 4216 314 4265 cliens
328 4224 418 4275 monet,
455 4216 540 4264 scitum
556 4218 633 4280 potius
649 4217 754 4265 debuisse
784 4220 978 4281 quevtrtafflteti.
1009 4218 1084 4268 Ltrs.

239 4280 323 4341 dicere,
338 4279 437 4329 minutis
446 4282 561 4343 pedestris
576 4296 662 4345 pugne
671 4280 753 4330 faciem
