3034 4967
212 238 272 296 aot
353 232 533 295 ERNESTI
554 230 774 293 EXCURSUS
797 234 820 291 1.
842 232 898 293 DE
919 230 1189 295 VEXILLARIlS.

210 390 321 469 gradun
335 390 445 451 militia
456 391 563 470 plnrer,
577 390 802 467 honoratiorque
816 388 918 449 militia
935 390 1030 467 (cnjus
1042 386 1150 467 partim
1164 390 1276 449 mentio

210 486 259 546 up.
274 467 424 545 Tacitum)
440 468 618 545 reliquorum
631 468 866 547 legionariorum,
878 468 1046 527 honoratior
1059 468 1162 527 iterum
1172 484 1275 527 evoca·

211 556 308 607 torum
322 556 535 607 veteranorum.
574 545 704 608 Maxime
719 556 817 605 antem
836 546 867 605 id
887 547 997 605 factum
1014 554 1086 623 puto
1106 555 1274 635 propterea,

210 622 279 700 qnia
304 624 363 683 boc
386 642 479 702 genua
508 622 633 683 militam
662 623 830 701 frequenter
860 642 879 683 a
906 640 1031 701 corpore
1063 622 1187 701 legionis
1215 640 1276 683 auae

209 700 432 773 mandabatur,
452 702 492 761 ad
510 702 646 780 prmeidia
667 701 792 779 agenda,
813 700 851 759 ad
870 701 931 761 rina
951 700 1132 771 muniendae,
1158 711 1273 779 pontes,

209 797 336 857 aggeres
359 780 526 850 etmendon,
554 779 625 839 aliar
650 780 659 837 l
710 797 782 838 ones
806 778 972 851 firmandas,
993 776 1199 857 exercitusque
1225 796 1274 838 au·

207 857 341 933 gendoer
362 868 395 918 ut
408 869 507 916 tamen
520 875 589 917 suaa
602 858 676 918 vireu
701 855 770 935 egio
783 856 914 927 baberet,
927 868 958 917 et
971 856 1080 917 tirouet
1091 855 1274 916 firmarentur

208 953 261 995 uua
281 946 312 995 et
326 935 537 995 exercitatione
555 934 707 1014 paullatim
720 935 759 994 ad
773 934 906 1013 graviora
925 935 1035 995 milltire
1052 952 1171 995 munera
1188 934 1273 994 susti-

208 1013 314 1072 aenda.
353 1018 457 1091 ltaque
470 1032 549 1093 raepe
563 1012 852 1083 subventionum,
866 1012 905 1073 de
919 1032 1001 1074 more
1021 1013 1139 1083 militia,
1152 1022 1273 1091 propter

205 1090 368 1150 absentiam
379 1112 398 1151 a
410 1091 598 1169 lepioueaua,
610 1110 690 1171 saepe
699 1090 874 1151 diuturnam.
905 1090 996 1152 Unde
1005 1090 1144 1151 facillime
1153 1093 1273 1163 tactum,

206 1180 239 1227 nt
253 1168 394 1229 vexillarii
408 1170 581 1247 simpliciter
594 1181 627 1228 et
639 1169 757 1248 proprie
771 1168 970 1229 dicerentur·.

239 1345 818 1396 ‘Brote'riuaetreteranaaattiruueaetalinau
860 1346 1011 1408 neuuilitum,
1038 1344 1211 1411 rtirineripnir,
1224 1346 1272 1395 aine

202 1408 298 1473 *quilla
315 1410 356 1459 ted
374 1424 429 1460 mm
448 1410 538 1487 remilia
552 1410 711 1486 ‘nautarum
730 1359 991 1473 baluzio-oasa
1022 1364 1138 1461 LBeau
1155 1418 1272 1485 retertnpr

205 1473 658 1586 &timidum
668 1473 699 1585 32¹
710 1472 1273 1603 mmmmm

204 1599 327 1660 murrina
348 1600 426 1650 vexilli
444 1601 556 1661 oratodea,
574 1601 705 1663 vapillarioa
721 1616 736 1649 a
751 1600 848 1666 pellatur
864 1602 995 1663 arbitratur,
1012 1618 1111 1666 quorum
1126 1603 1174 1650 fere
1190 1600 1270 1649 eadem

203 1662 272 1723 ntia,
286 1664 349 1728 quod
359 1664 390 1712 ad
399 1664 457 1714 belli
466 1665 614 1728 prudentiam
624 1673 648 1713 et
657 1666 726 1714 robur
764 1665 813 1721 erit,
824 1680 878 1729 quae
888 1666 951 1731 apud
966 1681 1008 1715 noa
1018 1680 1106 1723 eorum,
1117 1680 1174 1741 puna
1182 1678 1272 1725 greum

202 1728 268 1775 dim
281 1735 306 1776 et
315 1736 433 1778 venatores
444 1728 551 1789 didurut,
566 1729 736 1793 quodquidam
750 1731 801 1791 jam
817 1742 888 1803 rupra
899 1730 928 1777 ad
941 1730 974 1778 Α.
988 1735 1010 1790 1,
1021 1734 1061 1779 38.
1080 1728 1208 1776 induratum
1225 1736 1267 1775 aar.

203 1790 305 1842 ouran
325 1791 425 1851 ridetur,
439 1794 503 1857 qnod
517 1792 551 1842 nie
566 1793 591 1841 in
608 1793 658 1841 intir
674 1793 764 1843 vexillis
778 1794 865 1856 junatra
882 1793 940 1841 virae
955 1794 1051 1858 legionis
1067 1793 1149 1844 ultan
1159 1806 1189 1840 ex
1204 1799 1270 1855 parte

203 1852 300 1915 fuant,
310 1856 396 1919 quibua
405 1866 484 1905 tamen
494 1856 527 1906 Α.
539 1860 564 1915 2,
575 1858 616 1907 66.
634 1856 717 1906 dante
726 1864 883 1921 opponuntur.
916 1856 1024 1915 Ceterum
1036 1858 1210 1909 vexillationum
1216 1856 1270 1905 frea

220 1931 279 1965 uena
298 1918 386 1968 mentio
406 1920 470 1985 apud
491 1930 584 1970 veteres.
617 1920 649 1969 V.
664 1922 729 1969 Suet.
745 1920 824 1969 Galba
840 1926 881 1970 ⁴20.
911 1921 987 1985 Apul.
1005 1920 1064 1969 Mat.
1082 1923 1106 1971 7.
1122 1937 1148 1984 p.
1167 1924 1218 1969 191.
1229 1919 1266 1969 ed.

262 1981 316 2030 mu.
327 1982 410 2047 Veger.
421 1991 447 2043 2,
464 1990 484 2033 l.
501 1993 553 2034 tum
564 1995 587 2033 et
596 1985 621 2032 in
632 1985 689 2033 Not.
700 1984 792 2047 Dignit.
805 1985 867 2049 Imp.
878 1992 902 2033 et
912 1985 937 2032 in
947 1982 1020 2033 titulis
1029 1984 1093 2049 apud
1103 1984 1201 2047 Grutp.
1210 1984 1268 2040 256,

95 2049 97 2058 ’
207 2049 244 2096 ta.
254 2048 313 2107 401,
326 2052 347 2097 1.
358 2050 416 2111 ttt,
427 2054 450 2099 t.
466 2063 542 2115 neque
552 2063 606 2099 raro
616 2063 705 2113 aetuper
714 2048 805 2111 anderu,
816 2057 882 2113 puto,
891 2062 968 2110 amau,
979 2064 1027 2114 quo
1037 2046 1100 2114 apud
1110 2054 1221 2097 noenum.
