3034 4967
550 440 721 526 JUSTI
753 439 933 522 LIPSII

613 616 866 682 Excuasus

467 867 1005 960 ANNALIUM

650 1041 728 1100 LIB.
750 1041 821 1099 XII.

568 1189 915 1204 Μ

720 1268 759 1324 Α.

656 1395 747 1454 CAP.
769 1394 821 1450 Vl.

241 1543 291 1600 Da
304 1539 404 1620 Crispo
415 1541 554 1600 Passieno
569 1539 652 1597 lubet
664 1539 763 1616 paullo
776 1538 900 1616 amplius
910 1539 1061 1607 adtexere,
1075 1539 1180 1598 illustri
1192 1561 1275 1599 curn·

202 1619 302 1698 primis
316 1620 377 1678 viro
393 1631 424 1678 et
438 1630 572 1686 oratore;
592 1630 622 1676 et
635 1619 765 1676 maxime
779 1638 823 1687 ea,
839 1637 905 1696 quae
923 1618 1094 1676 scholiastes
1116 1632 1200 1678 vetus
1220 1621 1275 1678 Ju-

200 1698 310 1757 venalis
325 1699 440 1758 curiose
453 1699 567 1757 rettulit
581 1697 618 1755 ad
633 1716 747 1755 versum
761 1698 875 1776 Satyrae
888 1703 918 1764 4,
930 1698 1124 1756 81......uenit
1135 1708 1162 1756 et
1176 1699 1272 1776 Crispi

191 1778 324 1857 jucunda
342 1789 476 1835 senectus.
519 1777 647 1852 Crispus,
663 1775 769 1854 inquit,
783 1778 927 1852 municeps
947 1777 1127 1845 Viselliensis,
1144 1778 1274 1837 tirocinia

201 1877 261 1926 sua,
277 1856 304 1914 lu
319 1856 428 1914 Senatu
443 1856 482 1913 ita
497 1856 598 1932 coepit:
620 1855 725 1912 Patres
740 1855 898 1934 conscr'qrti,
916 1868 945 1913 et
958 1868 988 1912 tu
1005 1855 1140 1925 cesar,
1153 1867 1274 1936 propter

201 1935 278 2014 quod
296 1935 383 1994 simul
401 1935 525 1993 oratioue
549 1932 672 2004 (malim,
694 1935 856 2002 orationem,
879 1945 911 1990 ut
928 1933 1039 2010 duplex
1057 1952 1160 1992 caussa
1179 1934 1274 1992 laudis

200 2013 303 2082 fuerit,
317 2025 347 2072 et
358 2013 490 2073 Libertas
501 2023 531 2070 et
545 2011 737 2089 Eloquentia)
749 2013 913 2090 plenissime
928 2011 1067 2072 aliicrio
1081 2015 1275 2083 conlaudatus,

195 2094 338 2170 plurimas
355 2105 452 2169 sponte
471 2111 584 2152 caussas
599 2091 678 2168 apud
697 2090 730 2148 C.
751 2092 804 2153 V.†
822 2093 903 2171 egit:
917 2112 1039 2170 proquo
1053 2113 1086 2150 re
1099 2092 1128 2150 in
1140 2093 1273 2152 Basilica

201 2171 285 2230 dulia
299 2169 625 2249 ejusaatuapositaest.
658 2167 827 2229 Consulatus
837 2171 908 2229 duos
917 2171 1016 2248 gessit.
1055 2171 1165 2231 Uerres
1175 2172 1275 2230 habuit

202 2249 282 2320 duas,
296 2253 421 2327 primam
435 2250 602 2320 Domitiam,
615 2249 718 2322 ,deinde
732 2250 944 2329 Agrippinam,-
965 2249 1044 2308 illam
1058 2251 1184 2320 amitam,
1199 2253 1274 2310 hanc

203 2343 322 2388 matrem
341 2330 463 2389 Neronis
479 2328 611 2388 Caesaris.
628 2329 762 2388 Possedit
779 2329 820 2386 dis
840 2331 918 2388 mille
932 2331 1070 2389 sestertia.
1088 2331 1210 2404 (scribo,
1232 2329 1274 2390 dis

201 2408 305 2467 millies
317 2409 495 2467 sestertium:
512 2407 581 2486 quia
591 2407 679 2464 homo
690 2407 843 2484 praedives,
856 2418 888 2466 et
902 2407 1062 2466 Suetonius
1073 2409 1115 2466 ait
1124 2410 1276 2468 Neronem

201 2487 367 2545 hereditate
388 2488 451 2564 ejus
471 2487 619 2562 ditatum.)
646 2486 776 2544 Omnium
796 2487 963 2568 Principum
978 2487 1106 2568 gratiam
1126 2489 1273 2565 adpetivit,

200 2568 251 2624 scd
264 2565 413 2644 precipue
429 2567 555 2625 Casaris
581 2565 709 2639 (excidit
728 2582 799 2624 nota
817 2565 1004 2643 praenominis
1020 2568 1054 2624 C.
1068 2566 1099 2623 id
1114 2577 1168 2634 est,
1189 2565 1271 2638 Caii,-
1299 2565 1311 2574 ‘

201 2663 269 2702 nam
298 2645 377 2704 hunc
407 2645 558 2724 intelligit)
567 2666 671 2782 pium
692 2645 745 2705 iter
759 2646 922 2723 facientem
945 2655 1056 2704 secutus
1082 2658 1124 2704 est
1141 2647 1271 2723 pedibus.

203 2724 277 2792 Hic,
291 2719 369 2782 nullo
383 2725 521 2795 audiente,
535 2747 553 2784 a
600 2745 681 2783 mone
696 2725 887 2802 interrogatus
909 2727 941 2800 (a
954 2724 1096 2783 Nerone?
1117 2725 1176 2783 imo
1190 2745 1273 2796 vero,

202 2824 220 2866 a
237 2803 316 2872 Caio,
331 2803 359 2859 in
375 2824 462 2882 quem
477 2804 574 2862 scelus
589 2803 645 2861 lroc
660 2803 764 2861 incesti
779 2804 938 2881 competit3
960 2802 1015 2860 nisi
1029 2803 1132 2874 mavis,
1148 2805 1212 2863 Hic
1226 2803 1274 2864 illo

158 2879 162 2888 ’
202 2881 342 2950 audiente,
362 2905 379 2940 a
394 2885 509 2942 Nerone
523 2882 602 2941 inter.
621 2891 657 2940 ea
671 2893 782 2948 mente,
798 2895 830 2940 ut
845 2883 917 2940 Caio
932 2892 1085 2960 praesente,
1103 2883 1273 2960 aquopiam

201 2961 338 3020 Nerone:
358 2961 407 3038 qni
418 2961 587 3020 adularetur
601 2961 681 3018 foedo
693 2959 833 3038 Principi‚
849 2972 879 3018 et
892 2960 978 3018 simul
992 2961 1062 3017 huic
1076 2960 1274 3033 insidiaretur,

188 3079 190 3084 ,
202 3040 240 3098 sit
254 3044 398 3116 rogatus.)
442 3039 615 3108 Hederetue,
629 3040 698 3097 sicut
712 3041 779 3115 ipse,
796 3060 859 3097 cum
871 3059 964 3098 sarcre
976 3060 1115 3116 germana
1127 3052 1274 3098 consuetu·

202 3119 318 3178 dinem?
353 3119 498 3189 Nondum,
524 3120 623 3196 inquit,
651 3119 827 3196 quantumuis
849 3118 978 3177 decenter
1000 3131 1029 3175 et
1052 3130 1141 3186 caute,
1169 3139 1202 3176 ne
1225 3127 1275 3180 aut

202 3205 351 3276 negantem
365 3219 428 3256 eum
441 3206 583 3276 argueret,
599 3211 648 3256 aut
662 3197 860 3269 adsentientem
877 3198 985 3256 sibimet
998 3197 1141 3255 mendacio
1155 3196 1275 3256 deltone-

202 3290 300 3336 staret.
322 3278 464 3354 (corrigo,
485 3297 519 3334 nc
535 3285 583 3334 aut
603 3276 732 3354 negando
754 3299 817 3336 eum
836 3298 902 3355 arg.
922 3290 971 3334 aut
990 3277 1168 3334 adsentiendo
1187 3291 1276 3338 semet

203 3357 316 3434 delon.)
340 3357 436 3416 Periit
449 3377 506 3434 per
516 3355 654 3434 fraudem
667 3357 853 3434 Agrqrpina,
867 3377 951 3434 quam
965 3355 1093 3414 heredem
1106 3357 1273 3435 reliquerat,

202 3437 344 3513 etfunere
352 3435 469 3514 publico
483 3434 572 3493 elatus
586 3447 636 3493 est.
671 3435 752 3493 Scita
764 3435 992 3507 narratiuncula,
1005 3453 1091 3512 quam
1106 3445 1205 3494 tamen
1216 3456 1274 3514 ego

202 3513 241 3572 ad
260 3515 430 3574 Passienum
451 3513 530 3572 hunc
549 3512 645 3581 traha,
667 3524 790 3572 auctore
809 3516 873 3592 ejus
893 3513 979 3571 valde
999 3513 1100 3570 invito.
1133 3517 1211 3574 Nam
1224 3515 1274 3572 ille

206 3593 350 3667 (dormiit,
371 3613 408 3651 an
428 3593 586 3668 stertuiti)
611 3591 702 3650 refert
722 3592 760 3650 ad
781 3593 928 3670 Crispum,
948 3594 998 3668 qui
1018 3594 1073 3650 sub
1092 3593 1274 3653 Domitiano.

202 3672 295 3750 Atqui
310 3671 412 3734 Vibius
427 3671 476 3729 ille
490 3669 608 3729 nornine
624 3669 696 3728 fuit:
717 3689 775 3729 nec
790 3673 936 3750 quadrant
954 3671 984 3728 in
1002 3691 1070 3730 eum
1088 3691 1121 3730 re
1135 3683 1186 3730 aut
1199 3691 1274 3741 aevo,

203 3771 269 3829 quae
293 3751 342 3810 hic
365 3751 454 3832 dicta.
494 3751 571 3809 Mira
591 3748 728 3830 perampla
747 3751 921 3818 scholiasta,
947 3751 1017 3808 alias
1038 3750 1128 3809 docti.
1163 3749 1275 3808 Sedet

202 3841 303 3888 noster
324 3831 444 3898 amicuS,
467 3849 519 3887 cur
541 3829 675 3887 rescribit
695 3831 834 3907 municeps
855 3830 1058 3889 Vercelleasis?
1079 3828 1215 3905 Εῠλόγως
1236 3828 1275 3886 ad

203 3907 323 3968 Vibium
337 3909 430 3978 illurn,
443 3908 553 3966 fateor:
576 3918 605 3966 at
620 3929 678 3966 non
691 3909 729 3967 ad
740 3909 918 3968 Passienum.
953 3910 1137 3986 Quamquam
1148 3907 1276 3968 Viselliae

203 3988 393 4066 municipium
408 3987 496 4044 etiam
507 3987 578 4046 mihi
592 3986 735 4066 ignotum.
766 3989 814 4048 An
833 3987 1018 4048 Vitellianas?
1032 4006 1068 4044 an
1087 3986 1277 4046 Vicelliensis?

203 4085 269 4144 quae
282 4067 348 4126 loca
362 4065 457 4126 Italiae
471 4066 609 4144 reperies.
645 4066 693 4124 De
708 4080 803 4124 morte
817 4080 915 4126 autern
927 4065 1062 4135 hominis,
1077 4066 1156 4142 quod
1167 4063 1278 4133 Hiero:

202 4165 309 4224 nymus
324 4165 396 4205 ecce
413 4145 562 4204 Chronico
578 4165 640 4202 eam
654 4146 792 4224 Principe
807 4147 943 4222 Caligula
955 4145 1047 4222 ponit,
1062 4164 1138 4204 anno
1154 4149 1217 4223 eius
1231 4165 1278 4204 se-

204 4225 322 4285 cundo:
345 4226 597 4305 Passienusfllius,
604 4227 718 4303 fraude
733 4226 897 4286 hereditatis
909 4246 969 4284 sua
980 4236 1117 4283 necatur:
1136 4245 1212 4286 ‚sane
1226 4225 1279 4283 fal·

235 4385 250 4416 ¹⁸
276 4386 416 4446 Proposuit
427 4387 516 4434 Patres
527 4386 642 4446 Principe
654 4400 708 4434 rane
720 4401 792 4447 qaum
803 4386 874 4431 aaa
884 4387 912 4431 n'a
923 4387 1046 4432 servitute.

231 4451 253 4512 †
270 4451 435 4510 Interpretare
446 4449 617 4499 Centamriros.

246 4530 320 4573 VOL.
337 4533 381 4572 lV·
1063 4531 1088 4568 M
