3034 4967
552 250 775 313 metuens
795 251 883 313 CAP.
901 255 950 318 22.
1248 257 1286 318 7⁹

227 438 264 485 ac
279 418 391 507 teporis
404 412 499 483 libros
512 416 598 503 legit,
613 416 672 481 nisi
686 416 742 504 qui
755 427 788 481 et
800 416 937 481 cormins
949 414 1120 479 eorundem
1129 412 1282 483 miratur:

228 506 367 569 fecerunt
381 499 462 567 enim
481 515 513 578 et
533 502 679 579 carmine,
693 515 725 565 et
745 502 780 565 in
798 500 999 565 bibliothecas
1019 500 1204 580 retulerunt,
1220 524 1283 567 non

228 588 337 673 melius
352 610 448 675 quam
472 588 591 666 Cicero,
614 600 648 651 at
667 585 798 664 felicius,
820 586 895 672 quia
907 585 976 648 illos
995 586 1103 649 fecisse
1123 588 1284 671 pauciores

227 672 337 737 sciunt.
360 692 365 701 ·
392 673 523 738 Asinius
548 693 892 758 quoque‚quamquam
914 670 1112 756 propioribus
1137 672 1284 757 tempori.

228 758 287 823 bus
308 772 408 823 natus,
423 759 473 836 sit,
494 758 620 821 videtur
640 754 716 819 milri
735 755 816 819 inter
838 755 1001 819 Menenios
1025 770 1057 819 et
1071 755 1196 841 Appios
1217 771 1283 821 mu·

227 843 341 907 duisse.
388 843 561 907 Pacuvium
587 856 668 906 certe
695 853 727 904 et
753 840 880 904 Attium
901 861 965 903 non
990 839 1090 904 solum
1112 841 1284 927 tragoediis,

227 929 398 1014 sedetiam
418 928 608 992 orationibus
630 925 692 1003 suis
713 925 882 1015 expressit:
906 924 984 990 adeo
1004 925 1103 988 durus
1129 940 1161 989 et
1175 926 1285 1003 ⁴siccus

227 1026 284 1078 est.
329 1012 440 1077 Oratio
454 1025 568 1091 autem,
585 1012 664 1075 sicut
677 1032 790 1097 corpus
803 1009 947 1087 hominis,
961 1032 998 1072 ea
1010 1009 1137 1073 demum
1152 1011 1285 1096 pulchra

227 1111 283 1175 est,
305 1097 338 1160 in
359 1122 423 1184 que
443 1120 505 1161 non
527 1097 663 1161 eminent
687 1118 785 1173 venae,
814 1103 961 1159 nec‘ossa
985 1109 1199 1170 numerantur,
1228 1096 1284 1161 sed

228 1186 416 1269 temperatus
436 1206 472 1246 ac
490 1184 592 1247 bonus
606 1181 732 1267 sanguis
750 1180 859 1266 implet
872 1180 1023 1255 membra,
1033 1193 1066 1243 et
1079 1181 1219 1266 exsurgit
1233 1194 1283 1245 to·

228 1267 281 1344 ris,
301 1268 445 1365 ipsosque
466 1264 577 1331 nervos
591 1268 689 1335 rubor
703 1265 781 1350 tegit
801 1277 833 1329 et
847 1264 939 1329 deeor
953 1265 1156 1329 commendat
1183 1292 1187 1311 ¹
1200 1265 1284 1330 Nolo

229 1355 400 1416 Corvinum
421 1354 553 1441 insequi,
569 1352 643 1438 quia
662 1372 724 1415 non
746 1373 803 1437 per
824 1350 927 1435 ipsum
947 1349 1074 1426 stetisse,
1095 1373 1158 1434 quo
1180 1349 1284 1413 minus

227 1436 367 1501 laetr'tiem
395 1438 590 1523 nitoremque
617 1450 795 1501 nostrorum
819 1446 995 1521 temporum
1019 1434 1216 1533 exprimeret,
1238 1435 1284 1497 vi-

228 1521 349 1599 demus,
371 1522 404 1585 in
424 1536 578 1609 quantum
596 1521 716 1609 judicio
738 1521 807 1605 ejus
827 1520 874 1583 vis
894 1531 950 1583 aut
971 1519 1066 1582 animi
1088 1532 1144 1584 aut
1165 1520 1283 1606 ingenii

229 1607 359 1669 suffecit.
1143 1630 1148 1637 ·

271 1690 393 1758 XXII.
410 1692 466 1755 Ad
481 1692 661 1757 Ciceronem
675 1692 777 1769 venio,
792 1690 844 1755 cui
858 1690 965 1755 eadem
1001 1713 1087 1776 ugna
1096 1713 1168 1755 cum
1178 1714 1285 1779 sequa·

227 1774 311 1839 libus
325 1775 389 1837 suis
407 1776 479 1854 fuit,
493 1800 567 1862 quae
587 1777 665 1840 mihi
684 1776 846 1841 vobiscum
860 1788 916 1839 est.
960 1778 978 1839 Ι
1004 1777 1011 1789 “
1034 1776 1117 1839 enim
1140 1777 1286 1862 antiquos

227 1858 438 1939 mirabantur3
461 1862 526 1944 ipse
546 1884 674 1925 snorum
695 1874 872 1944 temporum
891 1860 1099 1945 eloquentiam
1120 1873 1287 1945 antepone-

227 1944 301 2009 bat:
327 1962 383 2006 nec
405 1942 469 2006 ulla
490 1966 523 2006 re
545 1944 644 2028 magis
657 1943 809 2027 ejusdem
832 1943 933 2005 estatis
953 1957 1089 2005 oratores
1108 1945 1286 2029 praeeurrit,

228 2050 326 2113 qnam
349 2028 472 2091 'udicio
532 2029 658 2092 Primus
686 2026 770 2089 enim
794 2026 928 2089 excoluit
956 2022 1137 2107 orationem,
1167 2028 1288 2115 primus

229 2126 262 2177 et
289 2052 391 2177 veriris
418 2112 572 2195 delectum
597 2111 741 2176 adhibuit
769 2124 801 2175 et
825 2110 1040 2204 compositioni
1063 2124 1177 2192 extem,
1206 2113 1289 2178 locus

259 2348 366 2412 N'eriqui
377 2351 411 2414 et]
429 2348 540 2398 Schurzil.
557 2350 616 2397 Sunt
626 2348 745 2409 qui-mi·
778 2348 839 2409 ipsos
855 2363 950 2411 quoque.
987 2349 1056 2398 Iiocis
1067 2350 1141 2399 citatis
1153 2350 1214 2401 addo
1225 2352 1288 2401 Plin.

229 2420 320 2463 rentur.
354 2414 401 2461 Sed
411 2416 470 2461 bene
479 2412 550 2460 habet
560 2413 623 2475 vulg.
779 2417 879 2476 ep6,8·
901 2414 1288 2476 Herc(historiam)saepius‘osso,

262 2482 332 2527 Inter
343 2480 409 2525 Men.
421 2484 443 2524 et
453 2478 554 2541 Appios]
573 2476 656 2530 Quint.
667 2475 706 2535 10,
719 2477 741 2531 1,
776 2480 885 2534 musculi,
896 2477 965 2523 nervi
972 2493 981 2532 ‚·
997 2479 1065 2524 illam
1083 2479 1230 2540 (orationem)
1242 2483 1289 2527 terr

228 2540 287 2591 ils.
309 2543 409 2590 Asinius
419 2540 744 2602 Pouwanttoreerjmrmdt-
776 2544 873 2603 quidam
883 2548 906 2588 et
916 2542 1052 2603 quurijubae
1063 2542 1149 2589 decent.
1171 2560 1174 2567 ·

232 2613 280 2655 tate
291 2608 409 2654 Ciceronis
420 2608 454 2653 ito
468 2608 534 2667 lenge
550 2606 618 2660 abest,
630 2605 744 2651 arridei
809 2608 892 2655 Rubor
899 2606 1291 2669 tegitetdeeorcemmendetMnm

225 2672 304 2735 possit
314 2673 480 2732 soemloprior.
770 2670 1212 2719 'Piohensrnerstrutoreetdrcorcin
1223 2672 1291 2735 Lips,

265 2736 301 2781 Et
314 2738 422 2796 exsurgit
436 2737 508 2798 tore's]
527 2733 603 2783 Possis
618 2732 704 2781 malle:
722 2740 745 2781 et
777 2734 843 2783 vett,
853 2734 904 2783 edd.
915 2735 986 2779 rubor
996 2742 1020 2782 et
1030 2735 1105 2781 decor.
1132 2735 1203 2783 ΕΠ.
1231 2736 1289 2782 Non

228 2802 566 2861 'exaugettoricipsorquoqee
573 2798 745 2845 nervosrelore
771 2797 850 2855 ‘ridcq
865 2814 907 2847 eur
916 2813 930 2844 s
940 2805 984 2845 ret.
997 2798 1051 2845 edit.
1068 2798 1164 2847 lectione
1180 2799 1218 2847 hic
1227 2815 1289 2848 reue-

229 2864 576 2923 'tingitetdeeerecommendne
592 2861 744 2909 Omnieenim
777 2862 846 2919 dnm
858 2861 977 2910 blanditur
982 2870 1060 2910 tamen
1067 2862 1214 2923 illudtingit,
1226 2864 1289 2927 qnod

231 2927 262 2974 de
279 2929 389 2988 sanguine
405 2927 520 2975 dicuntur.
563 2926 609 2975 sed
629 2933 745 2973 temen'et
773 2926 967 2987 'eonJ'ectstGron
980 2926 1214 2989 etSehulzerecepit

228 2990 422 3052 bellcereurgit‚·
434 2990 745 3054 ipseenimssnguis,quan·
814 2993 947 3038 Viderimus
963 2992 1067 3050 inquam,
1074 2989 1170 3049 judicie
1185 2994 1235 3051 ejus
1252 2993 1291 3037 vis

226 3062 283 3105 ‚tum
294 3054 349 3103 satis
359 3070 386 3102 ac
402 3056 494 3103 salubre
504 3065 545 3112 est,
558 3070 581 3103 se
597 3055 745 3102 accumulans
777 3061 820 3101 eut
832 3057 907 3101 animi
918 3059 961 3099 aet
969 3054 1063 3114 ingenii
1074 3052 1203 3117 suffecerit]
1214 3054 1288 3115 Lego,

233 3119 336 3181 exsurgit
347 3119 402 3167 toris
417 3119 491 3166 fectis.
524 3118 638 3181 Rigaltius
652 3117 682 3164 sd
693 3117 744 3164 Mi·
778 3118 1171 3179 viderimesirquem,crsj1rdieio
1187 3121 1236 3180 ejus
1253 3119 1289 3164 vir

232 3182 328 3229 nuciam
339 3184 363 3229 3.
400 3183 519 3230 Venarum
526 3189 595 3241 toros,
602 3181 688 3245 inquit,
695 3196 745 3229 me-
774 3184 849 3228 animi
869 3188 912 3228 aut
930 3181 1023 3242 ingenii
1044 3182 1168 3239 suffecerit,
1210 3180 1287 3228 Inrs.

231 3245 277 3294 diei
299 3244 388 3303 dixere,
406 3254 430 3293 et
444 3249 559 3310 jubarum
582 3254 642 3294 toros
663 3254 744 3307 poetes.
776 3246 840 3293 Mihi
856 3245 940 3293 vitium
954 3245 979 3290 in
996 3245 1126 3290 uiderimus
1141 3244 1211 3293 latere
1225 3244 1289 3295 vide.

232 3309 445 3358 Priuseieoncedo.
477 3310 559 3358 Celsus
570 3312 593 3365 7,
608 3314 643 3359 18.
677 3312 744 3357 Proe-
777 3319 823 3358 tur.
846 3311 919 3358 Enrrz
943 3308 1031 3356 Sicsst.
1054 3308 1194 3359 Emendarit
1201 3310 1289 3373 optime

232 3380 339 3435 torquem
346 3375 407 3436 qood
414 3381 436 3422 et
447 3377 548 3423 tumoris
556 3375 648 3437 aliquid
655 3380 691 3433 ert
697 3387 745 3435 pro
769 3374 882 3421 'Freinsla
895 3374 961 3434 enjus
969 3373 1123 3433 conjecturam
1130 3376 1214 3439 recepi,
1225 3375 1288 3422 idem

232 3452 345 3485 venerem
353 3440 744 3501 rugaitedineetmoduete'dpre·
770 3437 907 3497 'Schulziue
918 3436 959 3501 qui
973 3436 1071 3483 aliorum
1083 3450 1213 3488 commenta
1224 3438 1288 3487 exhi·

231 3504 306 3549 mereri
314 3505 392 3565 magis
398 3505 518 3562 renititur,
528 3518 555 3549 ec
558 3518 602 3565 per
609 3506 669 3565 ipsos
676 3516 746 3548 vene·
771 3504 816 3550 ‘bet
822 3496 982 3549 ExcursuIva
995 3499 1025 3547 In
1033 3500 1135 3550 iiaAeid.
1143 3506 1287 3559 residemus,

231 3574 361 3615 rumtoros
375 3569 488 3628 enoequatc
503 3574 543 3615 est.
575 3568 665 3630 Atqui
673 3568 745 3629 jube·
769 3569 942 3628 ‘inquantum
988 3565 1027 3612 Ita
1047 3560 1094 3613 fere
1115 3575 1138 3614 et
1159 3568 1288 3627 Schulting.

231 3644 289 3677 rum
301 3638 363 3678 teres
373 3631 465 3685 dixerit,
477 3638 558 3694 preter
573 3631 660 3707 ipsum,
672 3630 746 3677 nemi·
768 3630 879 3678 'Ursinus
897 3630 1005 3678 volebat:
1027 3631 1164 3691 uiderimus,
1178 3647 1209 3677 arr
1219 3632 1290 3691 jndi-

215 3695 354 3759 ,unem'nori
377 3694 475 3758 Derepit
482 3711 545 3754 eum,
557 3709 645 3758 opinor,
653 3694 747 3756 Virgilii
777 3697 841 3741 cium
852 3695 901 3757 ejus
911 3696 948 3741 vis
958 3694 1033 3739 enimi
1044 3702 1086 3741 arat
1097 3697 1187 3756 ergenii
1202 3694 1289 3753 defece-

234 3758 310 3814 12,6.
329 3766 405 3807 monet
420 3774 488 3807 armo
504 3762 546 3817 leo,
560 3761 693 3822 gaudetque
710 3772 746 3805 co-
770 3761 819 3819 rit.
843 3758 973 3806 Broterius:
996 3759 1288 3821 utinmjuds'ciorjervir

204 3844 213 3854 ·
232 3829 323 3871 mantes
332 3826 558 3879 Excutienscervice
566 3831 635 3872 teror.
658 3822 745 3871 sediti
769 3830 820 3871 'aut
830 3825 905 3869 animi
917 3827 959 3868 eut
969 3824 1060 3883 ingenii
1071 3825 1190 3883 sufficeret.

161 3917 163 3923 ·
232 3889 282 3935 tori
293 3887 383 3935 cervicis
395 3895 458 3946 sunt,
470 3903 517 3936 non
525 3890 647 3949 jubarum:
661 3887 747 3936 habent
810 3888 926 3949 Lerosqee
936 3888 1047 3949 terrores]
1064 3885 1126 3933 Edd.
1143 3891 1196 3931 ante
1209 3884 1286 3933 Rhen.

231 3953 641 4013 autemtorijubmnonjnbaetoros.
654 3953 745 4000 Gnon.
770 3954 877 4013 drewes.
911 3952 966 4013 Ipse
982 3949 1061 4007 edidit,
1076 3946 1151 3997 nescio
1165 3962 1195 3996 an
1211 3949 1288 3997 dedite

233 4015 345 4064 Similiter
347 4022 430 4077 peetus
440 4018 550 4063 exuberet
557 4020 616 4063 toris
623 4017 686 4080 apud
692 4030 747 4079 poe·
777 4026 854 4080 opere,
870 4017 970 4062 altiores.
1005 4014 1118 4060 Loetieres
1129 4014 1288 4061 esurrectione

232 4087 289 4127 tam.
319 4079 488 4137 Aeneseio,an
498 4080 622 4143 legendum
634 4081 747 4142 sitpectes
769 4080 868 4128 'Mureti
885 4079 957 4128 edidit
970 4080 1020 4139 jam
1032 4075 1143 4138 Lipsius3
1160 4077 1231 4141 idque
1248 4092 1288 4125 re·

233 4157 281 4191 err.
294 4151 312 4191 t.
327 4158 383 4191 nam
399 4142 494 4206 sanguis
510 4153 570 4191 certe
581 4159 628 4191 non
645 4144 748 4206 exsurgit
767 4156 830 4192 ‘rum
841 4152 881 4192 est
915 4143 1024 4191 metiore
1040 4140 1084 4187 loci
1098 4151 1163 4197 sunt,⁴
1174 4144 1215 4205 qui
1226 4141 1288 4205 sspi-

234 4208 295 4267 toris,
308 4208 348 4255 sed
360 4216 449 4271 pectus,
466 4216 489 4255 et
502 4208 527 4255 id
540 4208 565 4255 in
581 4209 689 4267 oratione,
706 4215 748 4255 aut
766 4218 820 4271 ‘unt
830 4217 938 4256 ornatum
946 4205 1071 4262 verborum
1081 4213 1105 4253 et
1115 4208 1285 4254 sententiarum.

227 4271 370 4385 ledit
393 4271 749 4400 lttt‘ttttt‘stiti‘llt
767 4272 849 4384 'ill'
867 4269 1286 4396 ‘'dissimillima-flia?
