3034 4967
597 192 654 257 DE
670 188 958 253 VEXILL-ARllS.
1092 240 1096 243 .
1257 190 1314 249 803

245 357 363 437 agmine
382 350 573 429 intelligendi.
614 350 711 416 Addit
729 348 825 411 enims
849 350 970 416 istulnt
992 346 1110 423 repertis
1130 345 1220 417 uodo,
1239 346 1316 405 aloru

250 433 463 510 Canninefatem,
475 438 504 491 ei
516 429 594 507 quod
601 430 730 509 peditent
743 429 952 489 Geronuorum
968 425 1044 495 inter
1058 434 1168 483 nostros
1181 426 1316 492 mocisi,

248 508 432 595 circumgredi
441 518 528 593 tergo
539 508 759 586 boetirnjubct.
800 507 892 583 atqui
902 506 934 563 hl
947 514 1015 563 sunt
1028 502 1143 579 mohac
1158 513 1189 561 et
1202 504 1317 581 equites

249 591 415 661 sardicese,
430 605 505 664 quos
517 586 676 651 annueret·
716 584 798 661 Ergo
812 586 901 645 etiam
914 582 965 641 ille
981 580 1092 669 vexilla
1104 578 1253 671 legionum
1267 599 1319 677 ner

250 686 374 747 aggeres
397 665 463 725 ulos
481 676 648 741 pontesque
667 662 814 731 esdron,
838 674 870 721 et
891 658 1033 737 grarimm
1055 676 1179 737 agrorum
1200 678 1318 718 nominc

246 742 550 823 commessationi.
572 742 613 804 H.
631 746 664 809 i,
681 746 727 802 ll.
750 738 845 801 missis
867 758 903 799 ex
926 738 1001 799 urbe
1025 741 1145 817 quisque
1166 737 1320 799 unionibus

250 822 420 891 pretoriis,
437 818 548 898 legions
554 822 648 899 prim
662 830 694 882 ct
706 818 832 896 cordum
848 815 970 884 millo,
989 815 1187 891 praeficiuntur
1204 814 1321 877 Annios

251 904 355 970 Galus
367 909 401 965 et
412 898 570 975 Spurinus,
581 898 624 962 ita
634 907 668 961 stt
680 896 718 959 iis
727 896 822 973 copia
831 895 1008 959 diriumtur.
1045 895 1115 951 Post
1127 912 1155 954 c.
1172 897 1217 955 18.
1243 893 1320 971 Spo-

251 976 460 1045 notrorum
479 975 616 1041 babuisse
633 986 693 1041 nes
712 975 862 1044 cohortes,
875 972 955 1033 nuile
973 971 1139 1035 vexillarios
1158 982 1190 1029 et
1210 988 1321 1048 paitcos

254 1058 379 1149 equitet.
393 1073 420 1118 c·
434 1056 484 1121 23.
502 1053 617 1119 Anno
631 1052 739 1117 Gallos
755 1052 896 1117 aufidum
955 1050 1068 1111 minnoe
1088 1049 1197 1129 laturus
1214 1049 1323 1107 dicitnr

302 1155 374 1194 muru
387 1131 524 1209 legionem
538 1132 568 1197 in
577 1131 718 1197 surdum
730 1130 859 1195 flumme.
881 1130 929 1189 Uo
981 1128 1072 1205 igitur
1084 1126 1126 1184 illi
1138 1126 1219 1185 mille
1229 1127 1322 1187 vexil-

164 1269 167 1271 ,
250 1158 342 1272 iiiii?
383 1209 455 1267 Non
469 1228 486 1268 e
499 1209 616 1285 legione
631 1209 745 1286 prima?
782 1208 873 1267 Favet
886 1205 971 1265 etism
993 1206 1076 1265 locus
1092 1224 1128 1276 ex
1143 1223 1170 1263 c.
1184 1208 1232 1264 nl.
1252 1214 1321 1263 ante

253 1292 370 1359 elutus,
384 1285 436 1350 ubi
451 1286 594 1349 vexillarii
606 1286 731 1365 legionis
745 1286 834 1356 Xlll,
847 1305 915 1351 oum
930 1284 1127 1355 auxiliaribus,
1141 1283 1234 1345 lutera
1246 1283 1321 1341 aciei

255 1380 370 1446 tegunt,
385 1363 466 1441 quod
480 1364 594 1428 nonnisi
607 1365 648 1427 de
658 1364 827 1440 legionariis
840 1364 964 1440 intelligi
983 1373 1091 1440 potest.
1120 1362 1197 1421 Nam
1216 1371 1322 1439 prester

257 1447 412 1505 auxiliares
433 1442 517 1513 nulli,
540 1444 647 1520 quibus
665 1443 726 1501 tals
749 1443 819 1525 qnid
838 1442 1001 1505 mandetur.
1043 1439 1213 1501 Planissime
1227 1450 1322 1503 nutem

255 1522 428 1603 intelligitur
437 1540 455 1579 e
464 1519 549 1590 locis,
563 1520 755 1597 inquinando
768 1522 803 1579 iis
817 1520 858 1579 ita
870 1519 1000 1603 loquitur
1010 1518 1142 1592 Tacitus,
1152 1528 1185 1582 ut
1193 1518 1230 1579 de
1239 1529 1323 1595 parte

255 1602 405 1685 legionum
416 1608 506 1675 atque
519 1598 608 1663 etiam
619 1599 794 1662 cohortium.
826 1598 904 1661 Hist.
918 1603 948 1669 3,
960 1600 1009 1660 48.
1022 1596 1169 1662 retulerit·
1183 1618 1198 1658 e
1212 1596 1325 1674 legione

256 1686 462 1745 memorantur,
485 1688 527 1751 et,
541 1677 590 1755 qui
610 1677 694 1741 locus
712 1677 797 1741 vuldo
816 1677 1001 1755 perspicuus,
1021 1695 1049 1734 o.
1065 1680 1095 1735 6.
1110 1696 1127 1733 r
1144 1674 1322 1734 cohumiliari

257 1757 383 1822 Antonio
394 1752 560 1817 ueriiorior
573 1755 758 1816 ecoiorlidrs
775 1764 804 1814 et
821 1768 930 1835 portem
951 1756 1076 1837 equitum
1090 1754 1128 1812 od
1138 1753 1324 1816 intrudendum

260 1832 377 1895 Italiam
386 1831 522 1911 rapienti,
532 1843 588 1891 etc.
616 1834 698 1891 Ecce
709 1833 763 1895 tibi
774 1832 898 1918 primtuo
908 1832 1014 1890 milites
1023 1832 1209 1912 legionarios,
1219 1830 1325 1895 deinde

260 1932 297 1978 cx
311 1913 382 1991 ipsis
402 1909 573 1973 cohortibus
593 1920 715 1979 sumtus,
738 1912 790 1990 qui
802 1910 842 1975 ad
863 1921 958 1975 certos
977 1909 1115 1976 cohortes
1133 1908 1324 1977 referrentur,

261 2004 416 2072 essentque
430 1999 530 2070 partes
544 1988 710 2051 cohortium
724 2000 814 2066 etque
823 1988 899 2070 odeo
913 1987 1047 2064 legionis.
1081 1987 1195 2058 Quibus
1205 1986 1325 2050 misae

261 2080 391 2136 utantur,
401 2065 451 2139 qui
465 2066 597 2124 delectos
608 2076 638 2123 et
648 2066 831 2143 decerptose
841 2065 958 2142 legione
973 2065 1190 2141 (decurionem)
1203 2063 1325 2131 faciunt,

262 2146 411 2206 videamus
426 2143 555 2215 tandem,
568 2163 636 2221 quae
649 2144 704 2202 ista
717 2144 867 2222 legionum
878 2155 908 2203 et
921 2142 1086 2202 cohortium
1097 2161 1175 2221 pars,
1184 2142 1326 2201 nostrade

263 2224 418 2295 sententia,
432 2221 531 2281 fuerit.

301 2302 380 2360 Dico
393 2301 482 2380 igitur
496 2300 595 2370 tertio,
609 2298 868 2433 vexillariosdsuirse
881 2299 984 2358 tirones
994 2300 1023 2357 ir
1032 2298 1195 2433 legionibus,
1204 2298 1326 2359 cosdem-

263 2400 326 2457 que,
339 2379 386 2455 qui
399 2376 590 2439 nutrimenti.
631 2378 666 2435 ld
680 2396 697 2435 e
710 2396 758 2435 mo
781 2378 803 2434 is
817 2377 954 2453 loquendi
966 2377 1062 2435 Corne
1075 2377 1327 2455 inmissorumque

263 2458 442 2527 muneribus,
455 2456 655 2515 demonstrare
675 2473 723 2511 me
743 2473 829 2531 posse
847 2472 946 2533 spero.
986 2456 1034 2513 Ac
1048 2456 1173 2533 primum
1187 2455 1327 2514 vexillarii

267 2532 1327 2673 ltltltlutlttlltitmhitlini‘tbtlttltlti

305 2658 312 2672 .
691 2633 702 2667 .-
868 2658 869 2661 ,
1202 2634 1221 2670 u
1313 2636 1324 2670 .·

265 2692 366 2771 quippe
388 2690 570 2749 Bedriacensi
587 2634 656 2759 ieie,
674 2631 828 2747 secilimir
849 2698 958 2748 tontum
971 2688 1074 2769 pulsis,
1089 2692 1142 2767 (sc.
1157 2690 1234 2747 XIV
1251 2689 1324 2766 leg.)

264 2772 336 2828 uires
348 2768 470 2847 legionis
482 2788 536 2827 ron
552 2766 687 2846 adfuisse.
726 2766 875 2826 Adfuerat
895 2786 966 2844 ergo
980 2786 1046 2845 pars
1059 2768 1192 2845 legionis,
1203 2767 1256 2826 sed
1269 2787 1328 2826 non

265 2846 387 2905 melior:
414 2846 489 2903 vires
502 2844 669 2904 abfuerunt.
710 2845 741 2904 Si
751 2844 890 2903 vexillarii
901 2863 1036 2922 nonpars
1046 2846 1074 2903 le
1096 2846 1180 2915 ionis,
1190 2845 1329 2923 legionem

267 2925 386 3002 sisoim
408 2922 565 2983 dixissent:
593 2922 618 2981 si
639 2940 706 2999 pars
725 2941 920 3001 quaecunque,
948 2923 1047 2999 potius
1071 2865 1222 2993 dixissent,
1244 2937 1330 3001 porte

266 3012 373 3060 tamum
383 3000 491 3077 pabo.-
513 3010 601 3059 loram
613 2998 748 3079 legionem
759 3022 815 3061 aon
830 3002 965 3079 adfuisse.
1000 3000 1083 3060 Vires
1093 3011 1192 3059 autem
1204 3010 1235 3058 et
1245 3000 1329 3061 robur

266 3078 403 3155 legionum
423 3078 493 3157 qnid
507 3088 614 3138 vocant
628 3078 748 3138 Latini?
788 3079 918 3155 Nempe,
936 3098 992 3136 non
1013 3078 1139 3145 tironem
1164 3096 1201 3136 ex
1224 3079 1330 3139 veteris

266 3157 377 3215 militiae
390 3156 632 3236 more,principrr
644 3166 672 3214 ct
686 3156 810 3216 tuamor.
849 3156 929 3233 Ergo
945 3154 1089 3215 vexillarii
1099 3156 1219 3226 tirones,
1235 3156 1265 3227 ii,
1280 3158 1331 3235 qni

267 3235 338 3294 olim
347 3233 464 3292 hastati.
504 3236 654 3293 Auctores
666 3234 748 3305 milri,
761 3234 887 3311 primum
901 3234 1006 3293 Cicero
1021 3233 1077 3311 Ep.
1095 3238 1144 3303 10,
1156 3239 1204 3296 33.
1226 3236 1332 3295 soboles

269 3326 298 3372 et
317 3312 406 3372 robur
417 3310 536 3371 miiitum
549 3311 676 3372 interiit:
698 3311 829 3371 sobolem
842 3323 930 3372 vocat
948 3312 1178 3383 tirones,·robur
1197 3326 1330 3373 ceteros:

269 3390 376 3449 deinde
390 3390 501 3461 Livius,
523 3393 553 3461 8,
574 3392 603 3450 8.
630 3390 680 3448 ubi
702 3390 843 3461 hastatos,
856 3391 887 3449 id
907 3400 962 3460 est,
983 3388 1103 3462 tirones,
1122 3404 1210 3451 vocat
1224 3392 1332 3471 florem

260 3470 397 3547 juvenum
413 3470 624 3549 pubescentium
645 3469 684 3527 ad
701 3466 850 3527 utilitiomr
873 3487 940 3546 quae
962 3479 1008 3527 est
1025 3469 1075 3529 illa
1095 3469 1159 3548 ipsa
1182 3470 1332 3531 Ciceronis

268 3548 405 3607 soboles:
428 3548 608 3607 robustiorem
622 3554 745 3617 ararem,
758 3546 912 3625 principes.
953 3547 1058 3606 Triarii
1078 3560 1254 3608 autemnon
1273 3569 1332 3609 uno

270 3626 338 3684 loco
350 3626 439 3684 robur
452 3626 599 3685 exercitus
612 3635 766 3684 vocantur.

309 3702 387 3770 Jam,
407 3704 476 3779 quia
498 3703 606 3763 tirones
627 3702 722 3759 minus
744 3701 830 3771 firmi,
854 3722 956 3763 eorum
978 3722 1047 3763 usus
1073 3704 1128 3765 fuit
1151 3703 1275 3764 maxime
1302 3706 1332 3764 in

271 3780 464 3839 defendendis
475 3781 601 3860 oppidis,
614 3779 726 3851 castris,
735 3782 827 3839 verbo
837 3780 978 3859 presidiis
988 3783 1118 3861 agendis,
1128 3783 1178 3841 ubi
1188 3783 1294 3842 vallum
1303 3797 1334 3844 et

270 3858 472 3917 muriaddunt
491 3860 629 3929 animum,
648 3857 812 3917 defendunt
832 3860 1024 3937 minuuntque
1043 3860 1221 3941 periculum
1244 3861 1275 3919 in
1288 3873 1335 3922 te·

270 3936 374 4013 geudis
387 3936 463 3995 aciei
476 3937 622 4006 lateribus,
635 3938 665 3993 in
678 3956 743 4016 qnae
755 3956 815 3995 non
825 3937 967 3997 incumbit
980 3949 1044 3999 tota
1054 3938 1168 3999 hostilis
1179 3940 1267 4010 acies,
1276 3954 1334 4003 etc.

271 4014 363 4091 Atqui
377 4014 481 4073 eadem
499 4016 597 4075 munia
615 4016 724 4075 tributa
743 4016 899 4075 vexillariis
919 4018 997 4095 apud
1017 4017 1163 4090 Taciturn,
1183 4018 1256 4079 locis
1273 4022 1335 4099 jam

270 4093 403 4162 laudatis,
417 4091 550 4152 vidimus.
578 4095 616 4151 A.
633 4098 660 4163 l,
674 4098 724 4153 38.
764 4093 805 4152 H·
820 4098 849 4164 2,
864 4100 910 4155 24.
926 4106 984 4153 etc.
1112 4111 1114 4116 ·

255 4177 257 4184 '
312 4171 427 4241 Restat,
440 4182 474 4230 nt
486 4172 645 4242 videamus,
659 4190 750 4250 quare
770 4172 911 4233 vexillarii
926 4172 997 4231 dicti
1011 4173 1070 4231 sint
1083 4174 1113 4231 hi
1128 4174 1236 4252 potius,
1250 4196 1336 4253 quarn

270 4248 415 4321 veterani,
425 4248 588 4319 auxiliares,
600 4261 659 4309 etc.
672 4250 721 4327 qui
731 4270 832 4311 omnes
844 4253 897 4309 sub
911 4250 1031 4309 vexillis.
1074 4252 1110 4310 Id
1121 4255 1216 4332 potuit
1230 4254 1292 4313 fieri
1306 4256 1336 4312 in

272 4328 414 4386 honorem
430 4327 566 4400 militnm,
579 4328 627 4405 qui
639 4331 699 4406 iarn
713 4329 797 4409 plura
810 4328 958 4407 stipendia
971 4329 1122 4410 fecissent,
1137 4343 1225 4408 utque
1239 4342 1337 4391 esseut
