3034 4967
234 202 283 281 ra
590 198 926 277 usonaro'maus

241 391 376 443 atrorum
391 378 564 465 temporum
579 376 700 443 disertis
711 391 896 466 anteponere
906 376 1008 441 soletis
1018 377 1096 443 :sed
1112 377 1290 444 Ciceronem

241 466 443 527 et‘Caesarem
458 476 489 526 et
504 460 640 526 C'oelium
654 476 685 525 et
701 463 835 527 Calvum
854 476 885 526 et
906 464 1043 526 Brutum
1055 480 1088 527 et
1101 462 1247 527 Asinium
1259 478 1291 527 et

243 548 430 611 Messalam:
452 568 531 632 quos
545 547 671 631 quidem
687 570 742 611 cur
758 547 895 632 antiquis
908 548 1099 633 temporibus
1112 548 1217 635 potius
1237 549 1293 612 ad-

243 632 391 709 scribatis,
406 654 501 717 quam
514 630 634 707 nostris,
650 654 712 695 non
727 631 835 695 video:
858 653 941 711 nam,
956 646 993 695 ut
1007 631 1046 695 de
1061 633 1208 697 Cicerone
1222 632 1293 718 ipso

244 716 366 813 loquar,
383 716 488 779 Hirtio
509 736 578 778 nem
603 729 670 780 eet
692 719 794 780 Pansa
809 738 904 794 coss,
927 728 963 779 ut
978 716 1056 781 Tiro
1076 718 1204 791 libertus
1225 719 1294 803 ejus

244 801 375 887 scripsit,
390 800 462 865 VII
481 800 557 865 Idus
572 738 721 864 decemb.
736 800 854 865 occisus
872 815 928 878 est,
944 824 1008 887 quo
1021 796 1105 865 anno'
1118 802 1162 865 D.
1176 803 1292 887 Augu·

243 886 356 950 stusin
369 885 472 948 locum
488 884 598 948 Pansae
613 898 644 949 et
655 884 753 949 Hirtii
768 908 799 949 se
813 898 844 949 et
859 886 897 961 Q.
914 887 1048 949 Pedium
1063 908 1145 949 coss.
1162 886 1290 949 suffecit.

246 972 355 1034 Statue
369 970 415 1033 VI
431 982 462 1033 et
477 970 506 1032 L
522 964 629 1051 annos,
642 970 757 1055 quibus
771 991 845 1033 mox
859 969 962 1034 Div'us
975 970 1142 1056 Augustus
1152 972 1294 1069 Rempu-

243 1052 355 1117 blicam
367 1054 466 1128 rexit3
489 1053 588 1139 adjice
600 1054 720 1118 Tiberii
731 1068 793 1117 tres
803 1070 835 1117 et
845 1053 966 1140 viginti,
978 1068 1009 1119 et
1022 1076 1118 1140 prope
1128 1056 1293 1153 quadrien-

244 1138 332 1201 nium
348 1138 425 1216 Caii,
440 1162 476 1203 ac
489 1138 537 1202 bis
552 1152 717 1225 quaternos
731 1138 828 1203 denos
842 1138 967 1203 claudii
985 1152 1017 1203 et
1030 1141 1165 1204 Neroms
1186 1163 1293 1218 annos,

211 1254 216 1261 ·
243 1234 345 1309 atque·
358 1222 461 1308 ipsum
477 1222 589 1295 Galbae
610 1235 641 1287 et
656 1223 792 1288 Othonis
805 1236 837 1286 et
851 1223 970 1288 Vitellii
988 1246 1086 1288 unum
1107 1247 1234 1303 anuum,
1257 1248 1294 1289 ac

246 1321 366 1371 sextam
378 1308 445 1393 jani
458 1306 555 1371 felicis
569 1306 664 1393 hujus
679 1307 876 1393 Principatus
889 1309 1061 1387 stationem,
1075 1331 1138 1407 qua
1152 1310 1294 1395 Vespasi-

243 1413 322 1455 anus
337 1390 576 1477 Rempublicam
590 1391 686 1470 fovet,
699 1394 725 1456 C
736 1408 767 1456 et
779 1394 854 1456 XX
863 1393 937 1455 anui
948 1394 988 1457 ab
998 1394 1123 1457 intentu
1137 1394 1294 1457 Ciceronis

243 1477 278 1538 in
291 1476 375 1539 hunc
389 1475 471 1539 diem
483 1475 692 1562 conliguntur,
704 1477 797 1541 unius
805 1477 937 1540 hominis
947 1491 1030 1541 aetas.
1064 1479 1151 1542 Nam
1159 1479 1225 1565 ipse
1235 1502 1296 1566 ego

243 1560 277 1623 in
293 1560 454 1624 Britannia
466 1560 531 1624 vidi
546 1583 659 1639 senem,
672 1562 728 1647 qui
742 1584 774 1625 se
782 1562 931 1625 fateretur
945 1562 973 1625 ei
983 1584 1099 1648 pugnae
1107 1563 1294 1640 interfuisse,

247 1667 312 1730 qua
326 1648 490 1724 caesarem,
506 1644 687 1711 inferentem
709 1668 795 1709 arma
809 1646 977 1724 Britannis,
991 1668 1094 1709 arcere
1107 1646 1249 1711 litoribus
1262 1661 1294 1711 et

245 1728 359 1815 pellere
383 1729 519 1816 adgressi
545 1743 625 1794 sunt.
672 1729 763 1794 Itasi
784 1752 867 1808 eum,
910 1730 943 1792 ui
964 1744 1102 1794 armatus
1121 1734 1167 1795 C!
1178 1732 1295 1797 Caesari

245 1813 368 1893 restitit,
382 1814 431 1877 vel
446 1814 616 1901 captivitas,
631 1813 680 1878 vel
694 1814 848 1891 voluutas,
858 1752 913 1890 ‚vil
926 1814 1027 1879 fatum
1040 1815 1168 1901 aliquod
1187 1816 1219 1879 in
1241 1840 1294 1881 ur-

245 1898 316 1963 bem
331 1900 540 1985 pertraxisset,
555 1898 636 1962 idem
652 1902 808 1963 Caesarem
822 1899 924 1985 ipsum
944 1912 976 1963 et
990 1899 1169 1963 Ciceronem
1187 1902 1296 1965 audire

244 1984 358 2071 potuit,
369 1997 399 2048 et
407 1988 518 2048 nostris
548 2007 652 2069 uoque
662 1985 833 2071 actionibus
842 1985 996 2049 interesse.
1012 1984 1160 2049 Proximo
1168 1985 1296 2071 quidem

245 2069 401 2153 congiario
421 2067 480 2155 ipsi
494 2008 616 2162 vidistis
630 2068 793 2151 plerosque
814 2089 910 2163 senes,
923 2068 990 2163 qui,
1012 2092 1044 2163 se
1064 2093 1085 2130 a
1105 2070 1149 2133 D.
1169 2093 1296 2155 quoquc

245 2152 396 2239 Augusto
407 2150 499 2218 semel
507 2164 722 2236 atquerterum
733 2172 885 2235 acoep1sse
893 2171 1095 2233 congmnum,
1110 2154 1294 2218 narrabant:

247 2260 286 2301 ex
302 2260 366 2321 quo
379 2235 491 2318 conligi
506 2247 618 2319 potest,
630 2245 660 2298 et
676 2233 847 2307 Corvinum
861 2233 901 2296 ab
915 2232 974 2295 illis
987 2246 1019 2296 et
1031 2234 1179 2299 Asinium
1193 2238 1298 2302 audiri

246 2320 391 2405 potuisse.
422 2320 505 2380 Nam
520 2317 673 2381 Corvinus
683 2318 716 2380 in
730 2317 866 2381 medium
878 2340 978 2403 usque
986 2319 1126 2405 Augusti
1137 2320 1297 2406 Principa.

247 2418 328 2483 tum,
348 2402 472 2474 Asinius
492 2425 582 2495 paene
603 2401 644 2475 ad
664 2415 850 2486 extremum,
875 2400 1007 2467 duravit.
1060 2406 1127 2467 Nec
1151 2404 1298 2472 dividatis

282 2605 393 2668 Callum]
409 2604 446 2653 M.
458 2603 558 2654 Caelium
575 2603 675 2665 Rufum,
690 2608 757 2667 cujus
789 2606 888 2653 insolens
903 2606 1024 2653 nomam
1037 2618 1150 2670 promno
1164 2606 1227 2669 poni.
1250 2604 1298 2653 Pro

249 2678 340 2717 exstant
348 2668 512 2730 epistolaeinter
520 2668 686 2717 Ciceronianae.
720 2670 757 2717 De
789 2684 885 2720 munere
901 2669 997 2733 Imperii
1007 2678 1041 2717 est
1051 2678 1074 2717 et
1083 2686 1120 2733 ap.
1132 2669 1195 2717 vett
1206 2672 1230 2722 2,
1242 2670 1297 2717 131.

250 2734 342 2781 Mic.
355 2734 524 2780 MacroCalvo
539 2748 560 2780 v.
575 2734 628 2781 Seu.
641 2732 757 2792 Contatl,
789 2743 813 2781 et
828 2733 890 2781 Plin.
904 2734 929 2780 in
944 2748 1059 2796 paneae.
1075 2736 1098 2790 7.
1132 2734 1192 2781 Mox
1208 2733 1297 2797 cd.‚pr.

228 2797 289 2842 ⁴19.
322 2796 371 2845 Cic.
382 2795 449 2843 decl.
463 2795 587 2844 Or.c.82.
621 2796 704 2865 Quint.
718 2798 756 2857 12,
788 2797 963 2848 malem.
996 2797 1092 2845 Rectius
1101 2797 1218 2846 Puteal·

250 2859 290 2915 1⁰,
306 2859 343 2905 ll.
821 2864 877 2925 Ipse
885 2876 928 2923 ego
940 2864 966 2908 ln
975 2863 1116 2924 Britannia]
1133 2860 1173 2907 Ex
1188 2860 1232 2907 hoe
1247 2860 1299 2909 lcoo

287 2924 338 2969 VH
353 2923 413 2969 Idas
422 2922 542 2985 Daroma]
562 2923 591 2971 In
604 2924 668 2987 (edit.
679 2923 759 2987 priscis
790 2925 881 2985 conjicit
891 2925 989 2974 schulze
1003 2926 1028 2971 in
1038 2924 1163 2986 prolegom.
1182 2939 1207 2986 p·
1223 2926 1262 2971 311
1274 2934 1298 2972 et

250 2986 341 3049 stood.)
350 2987 488 3034 Famcsiano
496 2996 586 3035 tantum
598 2997 654 3046 erat,
663 2990 759 3053 septlnw
790 3002 844 3035 cum
851 3003 878 3035 eo
884 2988 945 3035 Iard.
953 2989 982 3034 G.
991 2988 1075 3035 Crome
1084 2987 1109 3032 in
1117 3002 1257 3049 programm.
1268 2988 1299 3035 tle

250 3050 319 3109 Idas,
335 3050 408 3113 spatio
426 3058 503 3098 tamen
522 3050 587 3098 alteri
603 3051 654 3100 voci
671 3052 758 3113 relicto,
791 3049 1298 3113 Legendodislogodeontoribusamuneb.

250 3128 322 3177 quam
343 3129 389 3161 non
409 3122 494 3161 manere
514 3130 543 3163 ex
561 3114 656 3163 historia
673 3115 759 3163 addidi.
793 3116 862 3169 1790.
879 3115 974 3189 Aprum
984 3114 1055 3161 fuisse
1070 3112 1219 3173 Britannum,
1236 3117 1300 3177 quod

251 3175 327 3225 lars.
366 3179 424 3225 Ant.
445 3178 592 3241 Augustinus
615 3179 676 3227 male
696 3179 761 3226 dedit
792 3178 1299 3241 ettirmanputantexahquaselnetvi-

256 3242 311 3287 VH
320 3243 358 3287 Id.
373 3244 425 3289 Oct.
454 3242 759 3303 Moxverbaqaocnno-
792 3248 838 3289 tata
856 3245 952 3289 minime
963 3242 1196 3303 favorabilinatam
1214 3242 1299 3289 scribit.

250 3306 347 3362 cattoit,
364 3301 475 3352 Schulzio
489 3305 602 3367 glossema
617 3319 665 3351 esse
679 3302 759 3353 viden·
792 3305 884 3363 Obstat,
891 3306 953 3369 quod
961 3319 980 3351 c.
994 3304 1301 3367 instanrataeque

251 3372 298 3412 tur·
595 3382 597 3385 ·
792 3370 820 3415 dc
831 3370 907 3417 Gallis
914 3370 1000 3415 nostrie
1011 3370 1140 3429 haudmar.

296 3431 384 3478 Vitellii
403 3448 477 3479 unam
496 3434 596 3495 canam]
619 3432 699 3480 Unam
716 3448 759 3494 pro
815 3434 1093 3495 Sesataretaretpugnoe
1102 3433 1247 3496 interfuisse]
1265 3435 1300 3481 El

251 3492 327 3603 ἓῑρεεε
336 3495 531 3557 τᾳῦὶρεαηιὴεὼεῑ
541 3494 671 3543 Acidalius.
693 3495 758 3543 Ean.
787 3510 877 3557 pagna
885 3496 1001 3553 Murenae,
1010 3495 1104 3559 quodet
1114 3496 1205 3544 Pithoeo
1214 3498 1301 3560 placuit

276 3556 298 3604 d.
308 3572 344 3620 pr.
355 3564 424 3619 atque
434 3574 509 3605 anam
519 3560 549 3607 G·
560 3566 583 3606 et
595 3562 623 3607 O.
634 3566 657 3606 et
674 3562 699 3606 V.
710 3562 758 3607 lon-
793 3560 828 3622 (et
833 3560 969 3619 Acidalio);
982 3558 1053 3623 idque
1062 3571 1154 3623 propter
1162 3559 1300 3608 cadentem

248 3626 310 3681 gum
325 3627 347 3667 et
363 3636 541 3670 anamarmam.
573 3622 610 3670 Sic
626 3631 648 3670 et
664 3624 720 3671 Put.
736 3631 759 3671 et
792 3623 825 3671 rei
835 3624 916 3687 recepi
948 3624 1155 3671 SicetBrotcrius.
1187 3622 1301 3672 Moxaut

251 3684 306 3731 Ber.
318 3683 401 3732 amiso
412 3686 508 3747 lavigana
520 3693 550 3733 rt.
580 3680 702 3749 Lipsius}
718 3702 761 3735 suo
792 3702 910 3749 aggressa
927 3694 983 3735 aunt
1002 3687 1087 3749 legam,
1104 3695 1157 3744 ,aut
1177 3690 1300 3737 Britanni.

250 3748 398 3797 vetere‘dcdit
413 3751 500 3811 ipsum,
511 3750 574 3812 qnod
587 3749 647 3797 ‘forte
658 3751 761 3798 abundat
793 3749 864 3801 Ean.
896 3751 952 3813 Bip.
963 3753 1098 3807 Britannis,
1107 3753 1173 3799 bene.

250 3810 508 3875 aquempdusanam.
529 3814 760 3875 Aliaslpsamanum
830 3818 873 3862 Vel
889 3815 1007 3877 columae]
1031 3815 1119 3862 Heum.
1136 3817 1173 3861 vel
1188 3818 1301 3879 valuptas.

251 3873 503 3939 foretproec'tseanam.
532 3876 609 3925 Nihili
616 3877 761 3927 videturesse
793 3868 1302 3942 Moxacttantdaalaipsiusdedit3priuscrat

251 3938 353 3998 longam.
386 3940 498 3989 Schurzll
510 3942 758 4005 tameneodicipuut,
791 3944 930 3992 canoribus.
1139 3992 1143 3995 ,
1236 3961 1240 3968 ·

250 4002 313 4065 quod
323 4000 381 4049 inter
391 4003 490 4051 Neronis
505 4012 602 4051 mortem
616 4014 639 4053 et
649 4004 758 4067 Vespasi-
834 4004 973 4071 congiario]
990 4005 1167 4069 Congiariornm
1181 4006 1301 4054 historiam

249 4064 289 4111 ani
297 4062 389 4113 initium
397 4064 497 4129 spatium
508 4068 537 4115 sit
547 4083 651 4118 annuum
663 4082 716 4115 cum
726 4071 759 4119 22
791 4068 856 4116 adh.
866 4069 981 4132 Legrcgie
991 4072 1085 4133 exponit
1095 4070 1220 4117 Broterius.
1241 4070 1302 4119 Mox

250 4127 339 4193 diebus.
379 4128 478 4190 Latinus
494 4130 602 4179 Lafinius
618 4130 681 4182 Bibl.
700 4138 717 4177 t.
735 4134 758 4179 2.
792 4132 908 4180 Geanerus
918 4133 999 4181 mallet
1004 4136 1163 4195 plancuerat.
1196 4132 1242 4181 Sed
1249 4135 1303 4197 ple·

249 4192 329 4257 11237·
342 4192 708 4255 posteriusanamejicijusserat.
791 4211 873 4257 rosque
883 4197 945 4245 idem
956 4198 1022 4245 valet.
1073 4214 1077 4221 ’

281 4259 436 4318 Sextamjarn
443 4256 534 4319 felicis]
553 4257 629 4305 Schel.
643 4258 699 4320 legit
703 4260 757 4321 jam
823 4264 878 4308 Nec
888 4262 999 4307 dividatis
1009 4261 1122 4323 seculum]
1139 4259 1155 4306 i.
1168 4276 1187 4307 e.
1205 4276 1247 4311 nec
1256 4262 1300 4310 hoe

247 4330 302 4373 tam.
336 4320 466 4384 Schulting.
476 4327 577 4369 secutam
584 4325 646 4385 jam,
659 4322 713 4387 quia
728 4324 757 4371 sit
791 4324 958 4373 vobisconcedi
971 4332 1097 4389 potestat
1113 4324 1220 4397 &natatis
1237 4340 1299 4374 secu-
