3034 4967
328 219 357 278 J.
376 216 499 279 LlPSll
522 216 740 278 EXCURSUS
756 217 817 276 AD
832 216 994 276 ANNAL.
1008 217 1088 278 nm.
1100 221 1139 278 V.
1222 222 1279 281 153⁷

212 383 314 444 alienus
333 383 426 444 uerbis
446 384 646 452 cornmodatur,
666 395 695 442 et
713 381 840 442 actuarii
859 381 917 441 riae
928 383 1092 476 surgitur.-
1118 395 1150 443 et
1167 383 1285 444 Glossis

214 462 339 532 Graecis,
362 461 659 544 inoprnparoypripos,
685 462 840 532 oduarius,
862 463 1050 523 memorabar.
1089 463 1150 535 Qui
1172 465 1284 523 nonin
1367 472 1370 481 '

214 543 290 602 urbe
302 542 409 612 solum,
423 543 519 602 sedin
534 540 692 620 provinciis
706 540 880 618 militiaque.
906 541 1042 600 Actuarii
1053 540 1084 599 in
1098 541 1211 614 militia,
1221 544 1242 601 l.
1254 548 1283 604 5.

215 621 248 682 C.
281 620 330 678 De
345 621 516 700 erogatione
529 620 646 679 militar.
661 638 794 678 annonae.
836 619 875 678 Et
889 619 1044 699 spartiano
1058 621 1096 679 de
1106 621 1261 681 Victorino
1274 647 1282 683 t
1297 684 1302 692 ,

213 700 237 758 I
251 720 291 768 se,
306 701 382 778 quod
393 700 578 760 matrimoniis
590 699 712 759 militum
724 712 753 758 et
767 698 932 759 militarium
945 700 1157 777 corrumpendis
1169 722 1285 778 operam

216 722 307 848 dre,
321 801 340 838 a
354 782 475 859 quodam
489 779 631 848 actuario,
655 781 734 858 cujm
754 797 870 839 usonem
888 791 1096 859 stupraverat..
1111 827 1119 840 .
1157 801 1289 841 ercussus-

215 871 265 918 est.
305 860 388 924 Quos
402 860 554 938 eleganter
567 869 598 918 et
612 877 679 917 cum
693 857 816 917 adfectu
826 856 966 916 describit
975 858 1079 917 Victor
1089 859 1120 918 in
1161 859 1284 920 allieno:

214 937 359 1006 Actuarii,
373 937 480 1017 inquit,
491 959 581 1018 genus
593 937 733 997 hominum
746 959 879 1016 nequam,
893 938 1001 1005 uenale,
1015 936 1158 1008 mitidum,
1171 939 1286 999 seditio·

214 1037 285 1086 sum,
299 1017 419 1078 habendi
428 1017 559 1098 cupidum
572 1026 655 1096 atque
662 1017 703 1076 ad
733 1018 871 1076 atrandas
876 1017 1001 1096 fraudes
1008 1016 1197 1098 uelanquue
1206 1019 1288 1098 quasi

216 1095 251 1153 ab
268 1099 520 1178 naturafactum:
550 1116 672 1156 anmnoe
711 1096 848 1167 omnen,
869 1115 957 1175 eoqroe
976 1095 1059 1156 utilia
1079 1098 1240 1173 meantibus
1260 1111 1289 1157 et

203 1175 340 1252 firtunis
366 1187 511 1237 aratorum
534 1177 688 1254 infestum:
718 1175 849 1254 prudens
870 1175 900 1234 in
922 1176 1288 1255 temporetempore,

217 1275 334 1332 quorum
347 1255 479 1317 uecordia
492 1257 650 1334 damnoque
700 1275 730 1314 es
743 1255 929 1315 contraeerit.
969 1255 1047 1314 Satis
1060 1256 1099 1315 de
1111 1256 1186 1316 actis
1197 1259 1289 1316 Sena·

217 1344 280 1392 tus:
301 1333 388 1393 venio
402 1335 440 1394 ad
454 1334 569 1412 Populi.
605 1335 650 1393 Ea
690 1344 740 1393 cta
752 1333 879 1395 Publica
892 1344 955 1393 acta
970 1334 1113 1394 Suetonio
1126 1334 1290 1395 inTiberio

218 1430 246 1470 c.
259 1417 289 1472 5.
302 1423 334 1472 et
347 1412 418 1473 alias
438 1414 555 1492 passim.
596 1413 674 1472 Item
696 1413 811 1484 diurna,
834 1413 904 1493 quia
925 1413 956 1470 in
978 1413 1041 1472 dies
1060 1413 1289 1486 conficerentur,

217 1488 323 1551 Tacito
346 1497 392 1563 16,
407 1497 455 1554 22.
474 1504 505 1553 et
526 1497 575 1566 13,
588 1497 638 1554 31.
675 1493 753 1552 Item
774 1493 893 1553 urbana.
925 1491 1045 1570 ¹Saepius
1065 1493 1154 1553 etiam
1176 1491 1289 1564 ἅπλῶς,

216 1581 293 1640 acta,
308 1577 371 1632 aar
381 1569 498 1654 ἐξοχήν.
530 1571 571 1632 Iis
586 1572 814 1632 continebantur
827 1591 875 1630 res
888 1571 1076 1650 rationesque
1085 1573 1197 1652 populi,
1208 1573 1291 1652 judi·

217 1648 264 1708 oia
292 1650 422 1727 publica,
452 1651 606 1731 supplicia,
636 1652 767 1724 comitia,
794 1651 931 1722 aedilicia,
958 1651 1138 1721 nativitates,
1162 1653 1291 1712 illustres

217 1739 337 1798 mortes,
348 1730 541 1800 matrimonia,
557 1731 690 1791 divortia.
720 1732 770 1790 De
781 1731 901 1809 judiciis
914 1730 1125 1808 suppliciisque
1138 1731 1292 1790 admonuit

217 1808 392 1866 Ammianus
410 1812 458 1876 22,
473 1815 502 1869 3.
542 1810 585 1868 Et
605 1823 670 1870 neta
684 1830 768 1889 super
784 1831 817 1869 eo
830 1819 912 1889 gesta
930 1830 986 1867 non
1006 1811 1068 1868 sine
1086 1829 1194 1888 magno
1213 1810 1292 1887 lege·

217 1885 324 1946 bantur
349 1887 478 1956 horrore,
507 1909 568 1947 cum
593 1888 624 1946 id
644 1888 790 1947 uoluminis
811 1886 922 1964 publici
945 1889 1097 1946 contineret
1120 1889 1291 1955 scordium

222 1966 376 2026 Consulatu
393 1965 488 2026 Tauri
500 1979 529 2026 et
541 1967 691 2036 Florentii,
707 1967 820 2026 inducto
830 1966 881 2024 sub
892 1965 1077 2027 Proeeonr‘bus
1090 1965 1198 2028 Tauro.
1232 1968 1293 2026 Ubi

217 2056 249 2108 et
262 2045 386 2104 formam
403 2045 530 2123 aliquam
543 2047 673 2106 servabis
692 2045 944 2105 conficiendorum
961 2048 1118 2105 Actorum.
1158 2047 1208 2105 De
1220 2047 1292 2104 aedi-

218 2125 294 2184 ficiis
324 2125 446 2185 'l'acitus
474 2127 514 2184 A.
545 2130 591 2196 13,
614 2131 662 2186 31.
704 2125 821 2186 Nerone
842 2125 887 2184 11.
903 2128 937 2184 L.
966 2126 1075 2187 Pirene
1094 2143 1175 2184 coss.
1196 2144 1294 2204 pauca

220 2203 352 2264 memoria
373 2205 466 2282 digna
485 2225 619 2265 euenere:
641 2204 697 2264 nisi
715 2204 866 2264 cuilibeat
883 2206 1248 2283 budondissundnmentis
1266 2216 1293 2265 et

218 2283 356 2354 trabibus,
371 2285 435 2363 quis
449 2284 546 2343 malem
559 2283 762 2362 amphitheatri
771 2282 871 2343 Cesar
883 2293 1076 2356 eastrurerat,
1085 2284 1229 2344 uolumina
1241 2287 1295 2345 inu

218 2363 317 2442 plere:
338 2383 400 2422 cunr
415 2384 449 2422 en
464 2365 602 2442 dignitate
615 2365 724 2443 Populi
738 2364 822 2423 Rom.
836 2374 976 2444 repertum
987 2365 1035 2433 sit,
1049 2383 1094 2423 res
1105 2363 1231 2424 illustres
1243 2386 1294 2424 an·

222 2443 342 2514 natibus,
356 2441 427 2502 tolia
441 2443 552 2503 diurnis
565 2443 643 2502 urbis
658 2443 741 2513 aurs,
756 2443 899 2502 mandore.
939 2444 989 2501 De
1002 2443 1205 2502 nativitatibus
1220 2443 1294 2503 Suc·

223 2523 321 2582 tonius
335 2541 424 2600 saepe,
438 2521 489 2601 qui
504 2523 678 2601 plerunque
692 2532 868 2600 argumenta
876 2521 932 2582 sibi
940 2520 1030 2580 sumit
1042 2521 1081 2580 de
1091 2520 1141 2580 die
1149 2524 1294 2601 cujusque

223 2601 367 2680 Principis
382 2601 482 2671 natalI,
493 2621 533 2660 ex
543 2601 640 2670 Actis,
654 2613 687 2660 ut
699 2601 801 2661 Tiber.
816 2621 843 2660 c.
858 2605 889 2662 5.
928 2601 991 2662 Cal.
1009 2620 1038 2660 c.
1050 2603 1080 2662 8.
1120 2601 1216 2679 Origo
1230 2606 1295 2679 ejus

224 2680 349 2748 instituti
364 2700 382 2738 a
396 2680 497 2740 Servio
512 2680 620 2751 Tullio,
632 2681 693 2759 qui,
703 2691 737 2740 ut
749 2699 905 2739 numerum
918 2681 1008 2741 sciret
1021 2698 1111 2740 nasce
1146 2680 1217 2751 ium,
1230 2694 1295 2740 mo*

224 2759 373 2828 rientium,
389 2760 531 2830 vivorum,
553 2760 719 2829 adinvenit;
747 2761 792 2818 uti
811 2761 969 2840 propinqui
986 2772 1057 2819 nata
1076 2776 1161 2838 proc
1181 2771 1296 2819 certum

225 2838 355 2917 aliquem
376 2859 527 2898 nummum
543 2839 573 2896 in
592 2838 726 2898 ararium
739 2839 865 2899 Junonis
882 2838 1005 2898 Lucinae
1018 2839 1181 2911 inferrent3
1206 2839 1297 2897 iidem

226 2918 325 2997 aliquo
338 2929 467 2990 mortuo,
481 2918 512 2976 in
523 2917 646 2977 Veneris
660 2918 817 2986 Libitinaer
836 2930 876 2987 et,
884 2929 1019 2977 sumente
1031 2919 1170 2996 quopiam
1183 2917 1297 2976 virilem

227 3009 338 3075 togam,
352 2996 383 3055 in
396 2997 574 3060 Juventutis.
614 2997 789 3056 Exolevisse
808 2999 832 3055 is
848 3015 911 3055 mos
931 2998 1059 3066 videtur,
1079 2997 1133 3055 sed
1152 2997 1182 3053 in
1198 2997 1297 3074 pueris

149 3121 153 3130 .
227 3076 304 3134 natis
327 3078 452 3142 retraxit
477 3079 647 3154 Augustus:
679 3095 775 3156 eaque
801 3075 953 3136 adnotatio
980 3076 1011 3134 in
1038 3075 1112 3135 actis
1135 3093 1205 3133 cunr
1226 3095 1299 3135 cura
1383 3066 1394 3078 '

226 3153 337 3223 habita,
352 3155 454 3232 utique
467 3166 534 3233 post
544 3155 637 3213 Julius
647 3156 812 3234 Papiasque
821 3155 913 3233 leges.
952 3155 974 3216 J
975 3154 1105 3213 uvenalis
1117 3159 1148 3226 9,
1162 3158 1210 3214 84.
1222 3195 1231 3212 .
1244 3195 1253 3213 .
1268 3201 1276 3216 .
1293 3203 1299 3215 .

234 3233 279 3292 Tu
293 3233 375 3292 libris
389 3247 515 3295 actorum
528 3254 661 3314 spargere
672 3236 783 3314 gaudes
798 3235 979 3312 Argumenta
991 3233 1046 3292 uiri
1047 3275 1192 3303 .......
1214 3235 1298 3313 Apu·

230 3311 305 3370 leius
325 3313 356 3369 in
373 3313 463 3390 Apol.
481 3334 512 3390 p.
530 3317 598 3374 330.
638 3315 728 3373 Pater
746 3323 843 3374 natam
865 3313 1024 3390 sibifiliam
1045 3325 1200 3373 ceterorum
1223 3334 1300 3374 more

226 3393 370 3470 prq‘essus
385 3402 434 3452 est.
475 3393 609 3452 Scaevola
621 3392 641 3449 l.
659 3398 707 3453 29.
747 3394 797 3453 De
816 3393 1012 3471 probationib.
1052 3393 1162 3452 Mulier
1173 3393 1300 3474 grumum

230 3471 390 3550 repudiata,
405 3473 515 3532 absente
528 3473 632 3530 marito
639 3471 736 3549 filiam
750 3473 842 3540 enisa,
857 3482 888 3531 ut
901 3473 1027 3552 spurium
1040 3471 1070 3530 in
1090 3473 1159 3531 actis
1168 3473 1299 3552 prrffessa

231 3559 281 3609 est.
322 3551 506 3628 Capitolinus
519 3551 550 3608 in
565 3551 719 3610 Gordianis
729 3556 757 3611 4.
799 3552 907 3610 Filium
921 3552 1096 3610 Gordianum
1109 3553 1220 3611 nomine
1237 3554 1300 3608 An-

231 3628 321 3688 tonini
344 3641 372 3688 et
398 3631 482 3708 signo
507 3629 671 3700 illustrarit,
700 3651 764 3689 eum
786 3633 866 3707 apud
890 3633 1064 3710 Perspictum
1090 3631 1200 3701 cerarii,
1225 3651 1301 3690 more

232 3709 372 3778 Romano,
383 3709 643 3800 professasstliam,
653 3710 779 3786 publicis
792 3711 864 3769 actis
876 3709 1043 3788 ejusnomen
1056 3711 1197 3770 insereret.
1232 3708 1301 3766 Non

232 3787 317 3846 fallet
331 3798 360 3846 te
374 3787 452 3846 idem
467 3788 649 3866 Capitolinus
663 3789 693 3845 in
707 3789 752 3849 M.
764 3789 887 3847 Aurelio
901 3794 930 3850 9.
942 3788 993 3868 qui
1014 3789 1055 3848 ita
1069 3789 1175 3847 dehac
1189 3787 1301 3866 profes·

233 3866 315 3924 sione
342 3867 467 3936 disserit,
495 3868 578 3945 quasi
600 3866 650 3924 ille
673 3866 820 3925 invenerit
838 3867 957 3945 primus.
998 3867 1172 3936 lutariae,
1196 3867 1300 3945 inquit,

232 3944 364 4004 liberales
387 3966 499 4005 caussas
517 3947 559 4005 ita
580 3944 709 4014 muniuit,
730 3953 762 4003 ut
777 3945 889 4037 primus
907 3946 1022 4024 juberet
1043 3947 1121 4029 apud
1142 3947 1303 4026 Praefectos

235 4024 331 4083 cerarii
355 4026 474 4084 Saturni
493 4044 711 4102 unumquemque
735 4025 838 4083 cirrum
850 4035 931 4085 natos
948 4026 1049 4086 liberos
1065 4025 1207 4163 profiteri,
1225 4026 1303 4087 intra

236 4104 350 4162 tertiam
362 4105 436 4163 diem
450 4105 610 4164 nominer'm
632 4107 709 4163 ostro.
743 4103 835 4176 Quod
848 4105 934 4164 aliter
947 4115 1011 4163 est:
1032 4123 1064 4164 se
1098 4105 1213 4164 addidit
1223 4125 1303 4185 quae-

234 4181 312 4252 dam,
323 4182 556 4262 immutavitque.
596 4125 648 4241 lie
662 4182 854 4242 matrimoniis
875 4182 1067 4261 divortiisque
1084 4184 1197 4243 clarum
1210 4197 1257 4243 est
1272 4185 1303 4241 in

232 4272 302 4320 acta
314 4263 408 4321 relata
419 4262 522 4334 imese,
536 4273 656 4340 propter
670 4261 789 4340 proemia
805 4280 969 4341 poenasque
987 4261 1107 4342 legum3
1134 4264 1193 4321 imo
1214 4263 1303 4321 etiam

233 4351 303 4400 ante
330 4341 440 4402 Jullam
463 4341 652 4422 Papiamque.
673 4341 785 4399 Coelius
812 4341 850 4400 ad
872 4341 1047 4401 Ciceronem
1071 4342 1110 4401 ad
1132 4341 1201 4400 fam.
1224 4345 1254 4414 8,
1277 4341 1304 4401 7.

234 4417 343 4480 Paullo
358 4419 478 4481 Valeria
496 4421 608 4498 (scribo
625 4419 743 4492 Valerii,
757 4421 789 4479 id
800 4430 855 4492 est,
868 4423 993 4499 conjux)
1004 4418 1084 4483 soror
1094 4419 1303 4481 Triariidiuor·
