3034 4967
212 236 266 292 168
538 228 566 290 J.
587 227 709 288 LIPSll
731 229 954 290 EXCURSUS

213 407 337 464 mature,
353 405 384 453 et
398 393 532 454 convivia
545 413 646 453 eorum
666 395 856 474 tempestiva:
879 395 930 473 qui
948 395 977 452 in
990 394 1113 472 longum
1126 395 1284 456 trahebant

212 474 302 552 inque
316 486 434 534 noctem
449 475 663 552 intempestam,
675 476 741 550 jure
756 493 858 532 eorum
873 474 968 552 epulae
981 473 1205 553 intempestivae.
1226 475 1285 540 Qui

214 553 252 612 de
262 554 355 612 multo
366 552 424 622 die,
433 553 563 630 inquam,
575 552 687 630 epulari
701 553 892 632 incipiebant,
903 554 933 612 in
944 572 994 611 eos
1004 554 1130 629 gulones
1139 554 1204 613 haec
1215 564 1286 612 nota

215 645 246 691 et
260 653 377 691 nomen.
418 631 539 692 Plautus
561 633 701 710 probrose
715 631 745 690 in
759 651 859 691 senem
874 633 1045 701 Α1111.4,2,
1063 637 1108 692 16.
1151 635 1285 693 Cumsao

214 713 270 772 sibi
286 720 378 790 gnato
393 732 480 770 unum
494 713 534 770 ad
547 711 666 770 amicam
680 711 714 770 de
728 711 775 769 dre
788 712 906 771 Potare.
948 711 1030 770 Hinc
1044 710 1124 789 apud
1137 713 1286 772 Catullum

214 795 264 862 47,
278 799 305 851 5.
349 790 484 850 Conuiuia
495 789 573 850 lauta
584 789 693 850 dedic:
708 790 789 868 apud
800 792 959 850 Horatium
974 790 1004 850 S.
1018 795 1047 861 2,
1062 796 1091 861 8,
1105 790 1286 852 2....11111111

196 881 198 886 “
214 873 281 930 lere
295 869 355 929 illic
369 871 417 929 De
434 871 523 929 medio
532 883 637 948 potare
651 870 704 928 die.
734 869 894 928 Suetonius
908 871 946 928 de
961 868 1081 928 Nerone
1095 873 1142 934 27.
1170 867 1286 947 Epubrs

214 969 232 1008 a
244 951 333 1009 medio
344 949 389 1008 die
400 951 438 1007 1111
451 950 570 1008 mediam
581 957 688 1008 noctem
698 948 892 1028 protrahebat.
914 949 1025 1007 Plinius
1035 949 1065 1006 in
1075 949 1155 1008 laud.
1169 948 1288 1026 Trajani

216 1027 265 1091 49.
287 1032 354 1090 Non
368 1027 440 1086 enim
451 1043 517 1088 ante
527 1028 649 1086 medium
660 1027 733 1086 diem
744 1027 891 1097 distentus,
903 1026 1033 1088 solitaria
1043 1048 1133 1096 crena,
1146 1041 1288 1106 spectator

217 1109 418 1186 adnotatorque
432 1107 554 1168 conuiuis
568 1105 623 1164 tais
637 1106 770 1167 immines.
790 1107 891 1167 Livius
904 1107 944 1166 de
956 1107 1104 1166 Annibale
1119 1110 1230 1185 Capuae
1244 1107 1286 1164 la-

217 1186 358 1246 sciviente
373 1192 422 1258 23,
438 1189 466 1248 8.
489 1185 637 1264 Cuperunt
651 1183 759 1276 epulari
774 1188 809 1246 de
822 1187 878 1258 die,
888 1194 917 1247 et
930 1186 1085 1246 conoioiam
1097 1207 1150 1247 non
1164 1207 1201 1245 ee
1214 1205 1289 1244 more

218 1267 329 1328 Punico
343 1280 394 1325 aut
411 1263 529 1325 militari
548 1265 700 1344 disciplina
715 1286 782 1325 esse.
810 1266 917 1326 Cicero
931 1266 969 1324 de
983 1265 1106 1324 Pisone:
1132 1269 1189 1343 Qui
1208 1286 1289 1324 num·

218 1367 302 1428 qnam
324 1344 407 1404 solem
429 1345 562 1404 orientem
582 1354 632 1402 out
651 1344 820 1406 occidentem
840 1345 943 1405 viderit
961 1345 1121 1423 culpatque
1137 1365 1205 1403 eum
1226 1343 1289 1402 vitii

218 1426 382 1503 utriusque,
397 1423 657 1498 (11111111112,
672 1426 714 1496 8.)
738 1424 791 1483 Uti
806 1435 837 1483 et
853 1425 940 1483 Silius
953 1426 1116 1502 Campanos
1130 1427 1177 1491 10,
1188 1427 1253 1482 41..
1264 1463 1288 1481 ..

220 1505 365 1584 medioque
377 1502 484 1562 dierum
495 1501 618 1582 Regalee
631 1501 729 1578 epatu,
745 1512 830 1582 atque
843 1513 907 1563 ortu
920 1503 1044 1563 conuiuia
1056 1504 1121 1562 solis
1131 1505 1290 1582 Deprensa.

220 1585 297 1642 Haec
307 1582 483 1661 tempestiva
496 1580 628 1640 convivia
641 1600 718 1660 saepe
731 1583 865 1661 usurpari
879 1583 965 1642 solita
977 1581 1080 1640 diebus
1094 1581 1178 1651 laetis,
1192 1581 1291 1638 festis-

220 1683 289 1741 que.
328 1661 480 1721 luvenalis
495 1659 646 1719 Persicum
666 1680 751 1718 suum
765 1662 890 1721 invitans
907 1667 958 1728 11,
969 1664 1089 1720 264...
1095 1660 1163 1738 jam
1177 1680 1248 1718 nunc
1263 1661 1291 1718 in

220 1742 321 1801 balnea
335 1739 413 1800 salva
425 1740 532 1800 Fronte
544 1737 610 1798 licet
623 1741 711 1798 nudas
721 1765 734 1809 ,·
750 1761 920 1820 quamquam
928 1738 1020 1800 solida
1030 1739 1101 1799 bora
1115 1739 1234 1817 supersit
1243 1738 1295 1796 Ad

221 1831 336 1880 restam.
355 1820 429 1878 Vult
439 1838 512 1878 ecce
525 1837 591 1876 eum
606 1819 644 1877 ad
657 1818 777 1878 balneas
791 1819 834 1878 ire
847 1821 919 1879 hora
929 1819 1040 1898 quinte,
1051 1829 1159 1896 praeter
1170 1837 1292 1887 morem,

222 1911 253 1959 et
274 1898 312 1958 ad
333 1899 434 1978 epulas
451 1897 551 1956 venire
570 1908 655 1955 sexta
676 1899 847 1975 septimove.
890 1897 1092 1958 Saturnalibus
1112 1896 1183 1963 item
1204 1897 1293 1972 vulgo

223 1979 356 2038 convivia
376 1977 566 2036 ordiebantur
585 1996 603 2034 a
621 1976 713 2035 multa
732 1977 809 2036 luce.
850 1979 975 2036 Tertull.
989 1976 1076 2055 Apol.
1091 1997 1118 2036 c.
1137 1981 1185 2036 42.
1224 1975 1294 2033 Nou

222 2058 303 2117 brom
316 2055 439 2116 diluenlo
455 2053 661 2125 Saturnalibus,
675 2077 709 2116 ne
723 2066 750 2116 et
763 2057 834 2116 diem
848 2067 875 2115 et
889 2066 997 2116 noctem
1006 2057 1149 2134 perdam:
1172 2063 1293 2114 1111111111

222 2136 426 2198 11011101111111
441 2135 511 2194 bora
521 2134 672 2196 etsalabri.
693 2136 769 2193 Nam
782 2135 874 2193 lautio
884 2154 1000 2210 semper
1010 2146 1079 2193 ante
1090 2136 1200 2193 cibum.
1219 2134 1295 2193 Item

223 2217 345 2294 nuptiis,
361 2213 506 2292 Apuleius
520 2213 609 2291 Apol.
626 2218 652 2275 1.
682 2215 837 2294 Nuptioene
852 2213 911 2274 illoe
923 2217 1064 2294 sumunt,
1080 2235 1117 2272 an
1133 2212 1293 2272 1111111111-

224 2295 336 2354 bratum
351 2292 485 2373 efficium,
496 2313 530 2352 aa
541 2291 693 2352 convivium
706 2293 923 2374 tempestiuum?
944 2293 988 2351 Ea
997 2303 1066 2350 sunt
1076 2293 1219 2363 convivia,
1229 2311 1297 2370 quae

226 2373 333 2435 Catoni
353 2371 464 2451 placita
478 2373 558 2450 apud
572 2372 636 2432 Cic.
650 2372 688 2430 de
704 2372 772 2434 Sen.
789 2376 832 2432 14.
873 2374 943 2452 Ego
957 2393 1022 2432 uero
1031 2387 1151 2452 propter
1162 2371 1296 2432 sermonis

224 2452 439 2514 delectationem
454 2451 622 2530 tempestiuis
635 2452 766 2511 eonuioiis
781 2452 911 2512 delector.
943 2454 1018 2515 Item
1033 2451 1169 2520 Claudio,
1185 2451 1296 2527 dequo

227 2533 350 2592 Tacitus
364 2533 402 2590 A.
417 2536 465 2601 11,
478 2534 527 2594 37.
560 2529 698 2588 Claudius
711 2533 820 2590 domum
833 2552 974 2612 regressus
989 2540 1016 2590 et
1028 2531 1195 2611 tempestivis
1208 2527 1297 2607 epulis

226 2611 369 2672 delinitae.
390 2612 464 2675 Quae
478 2608 609 2688 epularet
623 2609 721 2668 media
733 2621 823 2668 nocte
833 2609 965 2677 fuissent,
979 2629 1036 2668 non
1051 2610 1149 2688 potuit
1161 2610 1237 2668 inter
1249 2627 1297 2666 eas

226 2690 386 2751 Messalina
405 2708 468 2748 esse
488 2687 655 2757 interfecta,
676 2687 747 2766 sine,
759 2689 881 2766 querela
896 2701 949 2748 aut
969 2690 1061 2748 verbo
1081 2689 1297 2748 historicorum.

228 2769 419 2828 Alexandro:
434 2768 471 2826 de
483 2787 541 2845 quo
553 2767 671 2825 Curtius
683 2769 712 2836 8,
729 2771 753 2826 1.
774 2771 895 2847 Jamque
904 2768 957 2828 iter
967 2788 1074 2848 parare
1086 2769 1117 2828 iu
1126 2777 1299 2846 postremum

220 2849 331 2927 jussus,
344 2847 465 2908 1111111111
477 2856 503 2906 11
516 2850 678 2923 tempestiuo
693 2847 842 2908 adhibetur
855 2849 991 2908 conuiuio.
1020 2848 1133 2907 Tamen
1147 2848 1212 2906 haec
1227 2867 1299 2906 con·

228 2928 305 2986 vivia
314 2931 381 3004 jure
392 2927 421 2984 in
433 2925 513 2986 vitio.
535 2926 642 2984 Cicero
654 2925 692 2984 ad
703 2927 840 2986 Atticum
850 2932 880 2997 9,
893 2932 919 2986 1.
939 2927 1047 2996 Audio,
1058 2927 1139 2986 bonis
1148 2925 1217 2985 airis
1226 2925 1300 2986 boue

229 3007 433 3066 mactationem
446 3013 571 3065 nostram
584 3027 640 3064 non
652 3006 779 3083 probari,
792 3003 970 3084 inultuqueet
981 3026 1074 3064 seuere
1087 3005 1115 3064 in
1130 3026 1172 3063 me
1186 3005 1215 3063 in
1231 3026 1300 3064 eon·

228 3087 309 3146 oiuiis
327 3085 438 3165 quidem
457 3085 625 3161 tempestivis
643 3084 794 3166 disputari.
829 3084 904 3144 lbid.
918 3090 963 3146 13.
1007 3087 1085 3162 Quas
1102 3099 1301 3146 1111111111

217 3170 323 3245 faeere
341 3175 369 3223 11
391 3164 467 3224 obire
485 3163 601 3244 sempsit
618 3165 658 3222 ad
677 3165 877 3224 mesraim?
899 3186 984 3242 quam
1002 3163 1107 3235 10111111,
1127 3184 1211 3241 quam
1231 3177 1300 3224 tem·

225 3247 375 3325 peslicas?
414 3244 497 3302 Idem
509 3243 540 3299 in
555 3244 677 3300 Verrem
691 3247 720 3311 3,
734 3246 784 3303 25.
797 3245 835 3302 de
849 3244 976 3321 Apronii
989 3263 1072 3302 caena
1085 3243 1114 3301 in
1128 3243 1210 3303 foro:
1232 3246 1299 3302 Sta·

233 3323 322 3396 ruitur
336 3321 448 3382 Lollius
468 3323 498 3380 in
519 3320 570 3380 illo
584 3321 740 3402 tempeative
751 3321 946 3402 gladiatorum
958 3322 1091 3382 convivio.
1130 3325 1171 3382 Et
1184 3322 1223 3382 de
1236 3323 1300 3401 ipso

231 3402 326 3458 Verre
346 3405 377 3468 5,
399 3400 594 3471 1111111111
616 3402 688 3459 diem
707 3401 851 3471 1011011111,
872 3412 980 3463 cromam
1000 3407 1117 3478 stupris,
1132 3402 1300 3463 contrivisse.

230 3478 373 3545 Quinctil.
385 3478 520 3538 Declam.
530 3481 599 3538 381.
620 3481 721 3558 Neque
730 3482 806 3540 euim
818 3494 986 3541 senectutem
996 3481 1091 3561 adfirt
1102 3501 1225 3542 summus
1234 3481 1302 3549 dies,

230 3559 281 3620 sed
298 3556 397 3638 longus
414 3559 483 3618 ordo
503 3557 588 3618 aitoe:
608 3580 661 3618 nee
678 3560 840 3620 ebrietatem
853 3562 936 3640 facit
953 3561 1005 3622 illa
1022 3561 1114 3639 potio,
1134 3571 1201 3638 pou
1217 3580 1302 3640 quam

231 3637 430 3698 concidendum
454 3649 506 3707 est,
528 3639 581 3698 sed
605 3639 796 3720 tempestivum
818 3641 983 3711 conuiuium,
1007 3649 1034 3699 11
1057 3639 1180 3700 auiditas
1205 3640 1303 3700 nimia.

232 3721 346 3777 Seneca
359 3717 509 3786 1111112,
521 3723 570 3780 28.
592 3719 697 3777 Aliena
708 3719 775 3778 uitia
789 3719 818 3777 in
832 3719 917 3779 oeulis
929 3719 1070 3788 babemus,
1080 3738 1099 3776 a
1109 3728 1193 3799 tergo
1206 3732 1305 3780 nostra

231 3807 304 3858 suut.
344 3797 418 3855 Inde
438 3806 489 3866 est,
512 3799 588 3877 quod
605 3799 767 3877 tempestiua
782 3798 909 3858 conuiuia
922 3798 989 3875 filii
1003 3808 1089 3879 pater
1106 3799 1227 3859 deterior
1235 3798 1305 3876 filio

233 3877 366 3954 castigat.
406 3875 496 3934 Addo
519 3875 615 3936 Taciti
633 3877 733 3936 locum
756 3876 798 3934 H.
817 3881 849 3945 2,
870 3882 920 3938 68.
960 3878 1155 3938 Discubuerat
1177 3877 1305 3937 Vitellius

236 3955 341 4023 Ticini,
355 3953 479 4014 adbibita
492 3956 533 4014 ad
544 3957 638 4036 epulas
658 3954 803 4034 Verginio.
823 3959 868 4016 Le
891 3957 933 4014 1111
947 3957 976 4015 Τ
974 3958 1121 4036 ribunique
1134 3977 1169 4017 ea
1181 3956 1306 4016 rnoribus

231 4033 438 4109 Imperatorum
452 4037 626 4094 seueritatem
640 4033 821 4105 emulantur,
836 3978 947 4094 aeirem
966 4037 1062 4096 estivis
1081 4036 1217 4094 conviviis
1228 4057 1306 4114 geu·

231 4112 307 4169 dent.
318 4153 325 4168 .
336 4113 427 4178 ..Qui
440 4115 486 4171 vel
500 4115 579 4172 solus
593 4115 676 4173 locus
691 4115 845 4172 sententiae
855 4134 928 4174 meae
939 4059 1098 4174 bimandae.
1120 4114 1203 4172 Cedo
1215 4115 1306 4184 enim,

232 4189 255 4246 11
278 4209 336 4248 non
359 4190 396 4248 de
413 4192 461 4250 die
482 4192 556 4251 illud
577 4194 707 4271 epulum,
725 4195 876 4270 quomodo
896 4193 1049 4272 subjungit
1066 4194 1104 4250 de
1124 4192 1207 4252 lucta
1228 4194 1307 4254 inter

232 4268 360 4328 milites?
403 4271 560 4354 Quomodo
575 4272 671 4352 puluis
691 4272 794 4351 procul
813 4282 939 4332 11011111
957 4272 1197 4354 admiscebantur,
1216 4272 1307 4332 11111-

231 4347 350 4406 nebris?
394 4347 470 4408 Saue
491 4350 596 4408 iterum
615 4352 652 4410 de
667 4351 788 4410 Vitellio
810 4352 1124 4423 11011111,.62.11111110
1142 4353 1307 4415 diei-remu.-
