3034 4967
194 280 250 345 no
524 275 553 336 J.
574 273 694 370 strsn
718 268 941 336 excussus
992 344 994 349 ,

193 447 263 525 (nisi
275 445 304 504 in
318 441 415 502 aliena
427 439 550 518 regione
560 440 679 517 aberro)
696 437 911 508 ad'lib'ertinas,
930 457 992 497 non
1005 437 1166 516 ingenuasz
1188 442 1270 493 certe

192 529 235 586 ita
249 522 403 600 distinguit
418 521 475 580 SC.
498 519 712 579 Tertullianum
734 521 847 598 dequo
862 518 930 577 vide
951 516 1087 576 Paullum
1106 515 1124 576 l.
1138 522 1169 574 4·
1182 513 1228 573 tit.
1242 518 1270 574 9.

194 605 283 672 Quod
298 615 396 661 tamen
404 603 451 678 jus
465 597 609 658 vetustius
622 610 668 658 est
683 600 733 657 illo
748 599 806 660 SC.
824 609 854 657 et
871 596 983 655 mentio
1001 598 1065 673 ejus
1085 594 1116 652 in
1137 590 1272 654 Suetonii

194 683 321 745 Claudio
337 685 382 740 19.
397 679 445 738 ubi
462 677 603 755 Princeps
619 679 743 738 Feminis
759 681 841 754 (quae
861 695 951 734 nares
964 675 1079 734 scilicet
1096 685 1272 732 mercatura
1320 679 1325 690 '

194 781 298 824 caussa
316 759 509 832 fabricarent)
521 759 574 836 jus
594 757 695 817 tribuit
715 767 851 838 quattuor
870 755 1032 815 liberorum.
1074 756 1122 813 De
1133 750 1272 832 praemiis,

191 843 257 903 ista.

234 1002 348 1061 Carus
364 999 401 1058 de
411 997 506 1076 poenis
518 997 685 1074 maiorisque
698 995 829 1056 calidum
844 1005 871 1054 et
882 994 1035 1064 orborum:
1058 1015 1126 1075 quae
1141 995 1230 1056 etiam
1240 994 1271 1052 in

194 1081 262 1159 lege
271 1080 290 1138 J
293 1079 352 1138 ulia
362 1079 481 1136 fucrant
492 1099 499 1132 r
522 1076 574 1133 sed
585 1079 745 1150 Augustus,
755 1074 859 1152 utipse
869 1076 949 1153 apud
958 1075 1086 1133 Dionem
1096 1076 1215 1145 fatetur,
1225 1075 1271 1133 in-

196 1159 292 1219 tendit
306 1159 466 1234 auxitque:
489 1155 582 1213 Poena
597 1153 691 1232 prima
705 1165 735 1212 et
749 1157 887 1222 maxima,
909 1155 963 1214 Uti
982 1155 1101 1216 caelibes
1122 1175 1161 1213 ex
1180 1165 1271 1213 testa-

194 1238 301 1298 mentis
320 1236 391 1294 nilril
412 1244 561 1312 caperent,
577 1233 632 1291 nisi
652 1252 668 1291 e
683 1232 819 1310 proxime
836 1236 1025 1311 junctorum:
1048 1235 1123 1302 orbi,
1141 1255 1200 1293 non
1216 1233 1271 1291 nisi

195 1318 358 1378 dimidium.
398 1314 507 1373 Melior
522 1331 594 1389 ergo
608 1311 739 1370 conditio
760 1313 918 1382 orborum;
939 1325 970 1372 et
988 1317 1064 1392 jure,
1085 1313 1154 1393 quia
1173 1311 1271 1371 mariti

195 1397 309 1456 saltem.
342 1395 523 1453 Sozomenns
535 1391 651 1450 Eccles.
662 1391 730 1449 bist.
748 1396 775 1461 l,
791 1398 835 1454 19.
844 1393 1002 1452 discrimen
1012 1395 1070 1452 boc
1081 1395 1157 1450 bene
1168 1403 1270 1450 notat:

195 1474 293 1554 Νόμος
313 1468 344 1553 ἦν
363 1470 512 1553 Ῥωμαίοις
532 1469 663 1539 παλαιὸς,
685 1467 741 1532 α’πδ
762 1469 848 1531 εἴκοσι
867 1472 915 1531 aul
933 1472 1012 1532 πέντε
1031 1471 1110 1543 ἐτῶν,
1131 1472 1185 1531 τοῖν
1203 1469 1272 1530 ἴσων

194 1552 344 1631 ἀξιοόοθοιι
358 1555 475 1612 κωλύων
488 1547 538 1618 τοὶς
552 1549 684 1628 οἰγοίμους
696 1553 751 1618 τοῖς
761 1549 800 1629 μή
811 1547 948 1621 τοιούτοις,
957 1553 1017 1631 περὶ
1028 1549 1111 1611 ἄλλα
1121 1571 1152 1609 τε
1164 1547 1287 1619 nostris

196 1633 281 1696 καὶτὸ
291 1631 375 1713 μηδὲν
389 1626 535 1711 κερδαίνειν
549 1631 580 1688 ἐκ
594 1629 725 1706 διαθήκης
739 1630 799 1698 τοὺς
810 1628 849 1708 μὴ
864 1629 938 1708 γένει
953 1633 1107 1711 ἓγγονάτῳ·
1119 1630 1271 1708 προσήκονὲ

195 1732 257 1782 τος·
271 1712 331 1782 τοὺς
344 1711 371 1770 δὲ
383 1707 514 1778 ἄπαιδας,
526 1708 630 1789 ζημιῶν
639 1705 670 1768 τὸ
680 1705 765 1787 ἥμισυ
779 1709 836 1770 τῶν
847 1709 1100 1791 καταλελειμένων.

238 1871 365 1932 Caelibes
380 1887 451 1946 ergo
465 1867 536 1926 nihil
551 1867 691 1945 capiunt:
716 1867 791 1927 adeo
800 1880 834 1927 ut
847 1870 998 1948 scripserit
1006 1867 1151 1948 Ulpianus
1165 1868 1209 1926 tit.
1227 1869 1273 1931 17.

198 1952 237 2011 de
251 1949 382 2010 caducis.
425 1945 526 2008 caeltti
540 1945 666 2006 relictum
678 1947 799 2028 legatam
815 1951 952 2009 caducam
960 1951 1040 2030 ficri,
1055 1949 1108 2008 nisi
1117 1947 1144 2007 le
1171 1949 1178 1960 '
1195 1949 1273 2007 intra

199 2040 310 2092 centum
323 2029 382 2088 dies
396 2027 538 2106 paruerit.
580 2027 620 2084 Et
634 2027 767 2104 respexit
784 2029 821 2084 ad
841 2029 894 2086 has
908 2049 1010 2106 poenas
1024 1969 1200 2087 Plutarcllls
1213 2026 1274 2109 περὶ

198 2105 407 2193 φιλοοῆοργιάς,
422 2127 451 2184 p.
465 2111 534 2166 493.
542 2101 685 2184 Ῥωμαίων
699 2105 809 2174 πολλοὶ,
820 2107 923 2186 inquit,
936 2107 1133 2186 γαμοιῖοινιιαδ
1145 2112 1273 2187 γεννῶσι,

198 2187 264 2272 οὐχ’ν
273 2187 318 2251 ἵνα
328 2183 509 2264 κληρονόμους
520 2181 639 2264 ἔχωσιν,
651 2185 717 2244 ἀλλ’
729 2181 773 2242 ἵνα
780 2189 955 2266 κληρονομεῖν
966 2183 1108 2246 δύνωνται.
1123 2185 1190 2245 Nec
1200 2203 1274 2243 rane

198 2289 933 2407 tt

199 2365 476 2500 statana.
488 2427 534 2484 16.
550 2365 1277 2504 Azrtallif’aiillirorritifflabaingt

201 2505 325 2574 crodunt,
337 2513 365 2562 et
375 2502 547 2572 existimant,
558 2503 667 2562 ooelibes
677 2511 705 2560 et
714 2504 797 2561 orbos
805 2523 840 2562 ea
849 2513 1014 2562 testamento
1025 2447 1086 2563 Ille·
1093 2504 1212 2564 solidam
1222 2524 1276 2563 non

195 2605 278 2666 posse
292 2603 400 2662 capere.
420 2581 494 2640 Ideo
508 2583 598 2641 toties
608 2581 687 2658 apud
699 2580 931 2641 Jurisconsultos
943 2583 980 2641 de
988 2583 1074 2641 solidi
1087 2584 1223 2662 captione
1233 2583 1276 2640 le·

202 2674 284 2724 ctum
299 2661 523 2740 quesitumque,
540 2672 573 2719 ut
587 2660 605 2720 l.
622 2665 668 2723 72.
679 2659 699 2718 l.
713 2663 762 2723 77.
783 2663 831 2720 De
844 2663 907 2721 ber.
923 2662 989 2720 inst.
1002 2663 1022 2720 l.
1037 2667 1064 2723 6.
1090 2663 1139 2722 De
1152 2663 1232 2738 vulg.
1246 2671 1277 2720 et

201 2741 294 2821 pupil.
308 2741 513 2800 substit.l.13.
527 2745 552 2813 ξ.
566 2739 615 2796 fin.
636 2740 685 2796 De
697 2742 764 2817 jure
774 2740 853 2798 fisci:
868 2761 934 2818 quae
945 2742 1042 2800 omnia
1051 2742 1169 2820 proprie
1179 2741 1217 2800 ad
1228 2761 1276 2799 or-

200 2823 255 2882 bos
269 2831 414 2899 spectant,
436 2831 594 2898 patresque
611 2817 765 2880 solitarios.
807 2821 960 2898 Quidquid
980 2833 1078 2879 autem
1098 2822 1157 2880 hoc
1175 2820 1276 2890 modo,

201 2912 309 2979 prater
323 2900 431 2978 legem,
447 2899 577 2976 legatum
591 2908 642 2955 ant
659 2899 807 2973 relictum,
826 2899 974 2958 caducum
993 2900 1094 2970 fiebat,
1108 2901 1228 2978 ibatque
1246 2899 1278 2956 iu

201 2980 322 3046 liscum3
336 2979 464 3057 ideoque
480 2977 631 3036 reducaris
641 2976 689 3037 lea
698 2978 719 3037 J
721 2979 781 3038 ulia
793 2979 875 3037 dicta
883 2980 951 3037 alibi
964 2980 1092 3056 Ulpiano
1104 2991 1125 3037 t.
1136 2983 1186 3048 28,
1199 2982 1227 3042 7.
1238 2978 1276 3036 de
1383 3045 1405 3062 χ

141 3127 142 3130 ¹
202 3077 327 3138 possess.
341 3058 430 3119 dand.
444 3057 567 3116 Tacitus
587 3077 613 3116 c.
626 3060 675 3116 28.
689 3059 732 3118 Le
753 3079 768 3116 e
783 3058 878 3135 Papio
887 3060 1020 3138 praemiis
1033 3058 1146 3126 inducti,
1161 3071 1202 3126 ut,
1216 3057 1240 3114 si
1259 3079 1277 3117 ιι

198 3138 358 3218 privilegiis
385 3081 1277 3218 arentumcctsaretur‚uefittpcrensomniumpopalusuocontio

161 3251 163 3256 .
204 3217 352 3277 tencret:i
382 3228 437 3285 est,
450 3218 583 3276 aerarium
594 3217 746 3294 publicum
757 3218 846 3286 bona,
857 3218 963 3294 quibus
974 3216 1109 3276 dominus
1120 3237 1179 3274 non
1190 3227 1279 3286 esset,

204 3307 376 3374 occuparet.
404 3296 450 3354 Ea
464 3297 542 3354 enim
557 3314 639 3353 mens
648 3319 657 3366 3
678 3314 735 3354 nec
754 3295 842 3354 audio
857 3297 1046 3355 Vertranium
1060 3296 1277 3365 emendantem,

205 3397 240 3436 ne
252 3376 276 3434 tl
291 3396 357 3454 apr.
368 3397 435 3454 por.
453 3396 505 3434 ces.
519 3396 545 3435 ο,
552 3395 583 3466 p.
599 3395 625 3432 ο.
636 3373 758 3466 populus
771 3375 903 3436 vocantia
918 3387 1077 3436 teneretur:
1097 3397 1164 3453 quae
1178 3395 1278 3434 ernen-

205 3455 286 3514 datio
300 3455 499 3532 frigidiorem,
513 3465 545 3511 ut
555 3453 604 3511 rlle
619 3465 669 3523 art,
681 3455 798 3513 Gallica
807 3455 884 3513 nive.
912 3455 1171 3533 Ferretumpotius
1182 3454 1278 3524 audio,

205 3533 242 3594 de
257 3535 447 3624 corruptione
459 3545 489 3590 et
503 3531 625 3592 defectu
638 3533 697 3592 loci
707 3553 777 3592 vere
789 3534 982 3611 judicantem.
1025 3534 1109 3593 Prior
1122 3535 1200 3592 enim
1214 3551 1280 3613 pars

204 3613 242 3674 ad
256 3631 378 3692 praenrra
391 3611 556 3692 delatorum
571 3611 695 3682 attinet3
713 3614 820 3692 quibus
833 3614 987 3691 sequentia
999 3612 1050 3671 filo
1066 3613 1207 3673 orationis
1221 3631 1281 3670 non

204 3691 394 3771 respondent.
436 3690 598 3750 Raevardus
618 3703 731 3771 noster,
742 3693 780 3750 ad
794 3692 814 3753 l.
827 3696 896 3752 208.
925 3694 975 3751 De
990 3693 1066 3768 Reg.
1085 3691 1172 3767 juris,
1183 3713 1222 3751 ex
1236 3691 1281 3749 his

205 3770 336 3832 Cornelii
346 3769 443 3829 verbis
454 3769 552 3840 efficit,
567 3771 635 3850 lege
646 3773 738 3850 Papia
747 3770 905 3831 discrimen
913 3773 1027 3830 nullum
1037 3771 1128 3831 luisse
1138 3773 1215 3831 inter
1224 3791 1281 3828 cae·

204 3850 279 3910 libes
294 3851 451 3928 orbosque,
467 3859 497 3908 ct
510 3850 621 3929 pariter
635 3871 736 3911 omnes
750 3854 788 3911 ab
801 3851 1014 3910 hereditatibus
1034 3852 1198 3930 legatisque
1213 3852 1283 3908 sub-

206 3941 311 3989 motos.
351 3927 541 3998 Discrimina,
556 3950 623 4007 quas
638 3930 745 3991 deinde
759 3941 887 4008 reperta,
902 3950 967 3990 esse
977 3951 995 3990 a
1005 3930 1136 4001 Tiberio,
1148 3933 1198 4009 qui
1208 3929 1284 4006 legis

206 4011 269 4088 ejus
280 4029 376 4068 nexus
385 4007 493 4068 multos
502 4010 629 4090 exsolvit
639 4021 669 4068 et
678 4013 780 4072 nodos.
791 4010 927 4088 Ambigo.
947 4011 1025 4070 Illud
1033 4011 1106 4083 scio,
1115 4031 1153 4068 ex
1166 4007 1284 4088 Ulpiani

204 4175 339 4240 precedunt
349 4179 419 4227 rerba
435 4192 453 4226 a
470 4189 564 4227 ansas
577 4189 701 4236 vanarn,
714 4190 768 4240 qua
784 4175 809 4224 in
820 4177 896 4226 indice
908 4179 946 4226 18.
963 4177 1066 4242 Scaliger
1073 4177 1161 4242 jungit
1192 4176 1286 4225 Verum

204 4243 264 4290 bene
280 4251 359 4289 monet
375 4242 504 4304 Schulting.
522 4245 552 4292 ad
564 4243 662 4306 Ulpiani
678 4242 713 4290 tit.
729 4241 767 4287 ld.
778 4242 802 4290 in
812 4243 949 4320 Jurisprud.
961 4243 1113 4308 ante-«lustin.
1126 4259 1150 4305 p.
1162 4242 1218 4290 612.
1238 4256 1286 4290 non

206 4306 250 4356 nist
262 4321 378 4354 asumma
387 4316 502 4368 potestate
511 4307 605 4356 concedi
615 4307 722 4371 pomidse.
740 4347 743 4352 .
757 4307 873 4370 Inlapide
884 4307 1102 4372 ipsoquoqueinter
1111 4309 1153 4357 illa
1162 4311 1234 4357 rerba
1243 4307 1287 4370 ali·-
1375 4357 1382 4372 x

204 4379 264 4434 quot
274 4371 388 4419 linearum
398 4370 483 4418 houna
493 4381 528 4420 est
538 4383 561 4420 et
568 4373 592 4418 in
600 4373 644 4420 hac
654 4372 739 4420 lacuna
749 4382 884 4436 compmmt
892 4373 943 4422 luet
953 4385 1003 4421 cvr
1016 4386 1078 4421 rste.
1102 4374 1175 4423 Porro
1186 4374 1295 4422 {leinac-

205 4435 255 4483 cius
266 4435 288 4482 ln
301 4435 368 4496 Synt.
380 4433 439 4482 Ant.
455 4437 525 4483 Rom.
537 4453 560 4500 p.
576 4439 633 4484 als.
643 4437 768 4499 legendum
779 4437 804 4484 in
817 4453 844 4484 eo
859 4437 938 4502 lapide
953 4447 1022 4502 putat
1038 4451 1083 4486 tva
1102 4437 1286 4491 commutant

205 4511 390 4560 aasaaoavst,
399 4500 430 4549 ob
442 4500 508 4562 quod·
516 4501 616 4550 subdam
628 4501 749 4566 capiebant
759 4501 854 4551 inter-se
864 4505 980 4566 conjuges
1130 4520 1133 4527 ¹
1209 4498 1213 4510 '
1253 4503 1256 4508 ’
