3034 4967
224 226 281 288 124
551 227 582 292 J.
600 224 720 296 LIPSII
742 225 964 296 EXCURSUS

220 381 324 442 music.
365 381 524 444 Nec'iodie
531 383 658 464 primum
670 384 805 447 interdici
816 385 858 446 eir
863 384 987 463 placuit,
994 387 1046 457 sed
1053 397 1132 458 netur
1138 391 1199 460 Me
1203 391 1300 470 proli·

218 461 291 522 tttto
311 471 362 522 est.
401 461 534 540 Denique
552 470 644 522 ecstnt
668 463 727 522 SC.
755 464 913 541 Pomponio
933 479 962 524 ct
980 466 1062 545 Ruso
1082 485 1164 528 coss.
1171 471 1299 546 sottum,

219 560 277 618 quo
287 551 410 609 cauetur,
422 553 454 598 ut
462 539 684 610 mathematicis,
699 541 854 614 Chuldreis,
862 543 984 604 hariolis
996 558 1025 603 et
1038 549 1149 618 ceteris,
1160 550 1213 627 qui
1224 548 1301 606 sinri-

217 619 305 678 'tent
326 618 464 680 incertum
476 622 621 691 fecerunt,
640 621 799 694 (Pithoeus,
820 617 939 682 siinilom
958 632 1067 692 arten:
1088 645 1146 704 ego
1166 627 1299 704 legerim,

220 695 337 758 similem
351 706 464 768 nestum,
479 699 540 756 sive
555 703 709 776 questum)
727 721 802 778 apua
817 711 845 759 et
858 701 921 779 igni
932 702 1137 775 ,interdicentum
1152 707 1300 785 omniaque

220 777 295 838 bona
308 795 403 835 eorum
413 776 614 855 publicentur:
636 791 666 840 et
678 778 745 838 sic*
759 792 884 840 «eternus
892 781 1020 859 gentium
1034 784 1083 861 qui
1099 783 1128 842 si
1140 785 1170 844 tt
1204 785 1299 854 cuerit,

220 859 251 914 in
278 873 340 913 eum
365 855 616 916 animadvertatur.
665 857 745 916 Dico
766 857 930 923 Domitium
963 859 1133 938 intelligere
1187 864 1222 923 C.
1241 863 1300 922 hoc

218 933 326 1012 ipsum.
366 934 409 992 At
424 935 501 993 enim
519 934 569 994 ille
583 933 675 992 refert
689 935 727 994 ed
748 936 943 1013 Pomponium
963 947 995 996 et
1016 938 1127 1000 Rufum
1146 957 1228 1005 coss.
1240 941 1300 1000 hoc
1394 969 1397 972 ⁴

219 1023 320 1072 nutem
334 1013 542 1082 annoTaurus
563 1023 594 1072 et
613 1013 690 1072 Libo
703 1032 784 1072 coss.
796 1010 929 1074 fuerunt.
968 1015 1036 1074 Non
1054 1017 1113 1080 hoc
1130 1039 1250 1089 novum,
1265 1028 1299 1078 ut

219 1089 298 1152 inter
322 1091 481 1167 scriptores
503 1091 571 1152 enni
598 1091 685 1150 unius
706 1091 864 1152 discrimen
882 1093 931 1152 sit.
968 1095 1076 1156 Caelius
1094 1099 1174 1157 euim
1190 1099 1299 1168 Rufus,

219 1179 251 1228 et
266 1169 302 1227 L.
317 1168 497 1247 Pomponius
519 1170 663 1230 Consules
684 1170 806 1229 fuerunt
826 1171 963 1249 sequenti
982 1171 1063 1234 huuc
1076 1195 1164 1237 enno.
1203 1174 1299 1237 Addit

220 1247 366 1325 Ulpianus
390 1249 458 1318 ulia,
481 1269 547 1327 quae
565 1247 604 1308 nd
619 1249 821 1326 cognitionem
843 1249 938 1310 istem.
995 1253 1160 1332 Scepissime
1177 1255 1299 1333 denique

219 1326 402 1386 interdictum
428 1340 472 1388 est
489 1331 563 1406 sere
588 1327 624 1386 nb
662 1327 791 1386 omnihus
817 1329 1013 1409 Principibus,
1038 1353 1071 1393 ne
1098 1335 1161 1412 quis
1186 1335 1298 1393 omuino

219 1405 380 1483 hujumodi
400 1405 517 1483 ineptiis
532 1427 561 1466 se
578 1406 762 1466 immisceret.-
783 1416 810 1467 ct
831 1407 911 1468 uarie
926 1410 1025 1488 puniti
1043 1422 1110 1472 cunt
1134 1411 1176 1483 Iti,
1197 1413 1247 1490 qui
1269 1411 1301 1470 id

219 1494 415 1556 enerovuerunt,
423 1506 480 1564 pro
495 1504 624 1544 mensura
638 1484 745 1544 scilicet
758 1495 786 1544 et
799 1487 1012 1547 consultationis
1027 1488 1177 1566 (legerim,
1187 1489 1299 1552 sceleris

219 1570 247 1620 et
261 1563 482 1633 consultationis,
497 1564 544 1623 vel
558 1564 680 1624 inducta
693 1565 810 1642 copule,
825 1564 932 1624 scilicet
944 1568 1182 1646 consultationis).
1217 1570 1298 1628 Nunc

218 1641 269 1716 qui
279 1643 312 1699 de
324 1643 466 1722 Principis
479 1644 581 1712 salute,
594 1642 685 1720 cupite
688 1644 788 1778 puniti
797 1652 871 1714 suut,
881 1647 927 1704 cel
933 1666 989 1722 qua
998 1644 1057 1704 aiio
1069 1647 1298 1725 grauiorepoene

217 1719 334 1796 adfecti.
373 1723 442 1782 Non
456 1723 589 1781 omittam
599 1740 689 1781 oracu
703 1739 752 1779 um
766 1721 858 1780 nostri
876 1723 961 1792 rntIs,
975 1722 1014 1781 de
1027 1723 1073 1782 his
1087 1724 1168 1784 vauls
1179 1724 1296 1785 vatibus

220 1797 260 1856 H.
280 1803 305 1868 1,
321 1804 369 1859 22.
397 1800 602 1869 statuerunt,
615 1821 707 1880 genus
715 1800 856 1865 domnum
864 1799 1166 1882 potentibusiryidum,
1176 1822 1296 1880 speran-

215 1876 401 2014 pptusfillm
413 1904 426 1949 ς
449 1881 526 1960 quod
539 1879 570 1939 iu
584 1879 699 1940 ciuitate
711 1888 809 1940 nostru
821 1889 848 1940 et
861 1880 1002 1940 notabitur
1015 1901 1135 1959 semper,
1149 1891 1177 1941 et
1193 1881 1297 1941 retine·

249 1964 306 2016 tur.
1011 2003 1012 2006 η

734 2147 775 2205 Η.

628 2301 720 2362 CAP.
740 2303 888 2364 XXXIII.

104 2476 106 2482 ’
259 2461 415 2524 Pssumis
437 2461 504 2520 Mil.
530 2462 576 2522 Gl.
595 2465 625 2530 2,
641 2467 670 2530 4,
683 2465 711 2520 6.
735 2504 806 2520 ...
827 2462 911 2520 oredo
932 2483 994 2542 ego,
1013 2465 1083 2524 istoc
1098 2463 1227 2545 eaemplo
1248 2463 1301 2523 etti
1511 2528 1513 2537 Ι

218 2541 294 2600 'Esse
308 2541 428 2600 eundum
443 2549 570 2600 anulum
588 2548 671 2598 esdra
680 2549 806 2617 portam,
823 2539 957 2620 dispessis
975 2541 1113 2613 munibus,
1132 2540 1301 2603 Patibulum
1414 2558 1418 2566 ’
1511 2594 1512 2621 ,

219 2640 303 2698 quom
317 2618 437 2678 Iubebis.
472 2618 578 2696 ltaque
588 2629 618 2676 et
630 2617 764 2676 carnifex
779 2617 961 2678 domicilium
970 2620 1075 2680 habuit
1088 2633 1175 2681 extra
1183 2622 1299 2680 urbem.

220 2697 328 2757 Cicero
355 2717 409 2775 pro
430 2697 552 2756 Rabirio
576 2694 788 2773 perduellionis
810 2715 862 2754 reo
884 2709 913 2759 5.
956 2701 1015 2759 Sed
1038 2713 1196 2760 moreretur
1213 2699 1299 2776 prius

144 2832 146 2836 .
220 2776 397 2836 acerbissima
410 2784 500 2836 morte
509 2774 612 2834 millies
626 2773 785 2843 Graecinus,
799 2795 883 2853 quum
902 2776 933 2834 in
945 2777 1006 2854 er'us
1024 2781 1152 2838 concione
1166 2778 1248 2836 carni
1265 2798 1300 2834 ec

219 2855 400 2915 consisteret:
423 2875 504 2933 quem
526 2875 580 2914 nou
603 2855 682 2911 modo
692 2853 778 2930 foro,
802 2854 855 2912 sed
875 2859 959 2914 etiam
979 2854 1049 2914 ooelo
1067 2857 1117 2916 icoc
1137 2877 1173 2915 ac
1194 2855 1299 2935 spiritu

221 2933 368 2994 Censoriae
392 2933 483 3012 leges,
508 2943 590 3011 utque
614 2930 691 2990 urbis
710 2930 863 2999 domicilio,
890 2951 989 2993 carere
1015 2937 1173 2994 voluerunt.
1222 2932 1299 2993 Ideo

219 3011 342 3072 Plautus
357 3012 465 3074 Pseud.
487 3017 514 3079 l,
537 3017 565 3082 3,
587 3011 658 3074 97..
677 3053 683 3068 .
699 3056 706 3070 .
721 3055 728 3068 .
744 3019 827 3070 entra
845 3025 964 3088 portam
987 3012 1109 3071 Metiom
1128 3011 1297 3070 currendum

217 3104 261 3151 ert
266 3093 362 3171 prius,
372 3092 479 3152 Lanios
488 3087 556 3151 inde
564 3109 705 3150 accersam
716 3089 772 3148 duo
779 3109 840 3148 cunr
849 3088 1059 3150 tintinnabulis:
1068 3088 1207 3167 iutelligit
1217 3089 1297 3148 enim

215 3171 383 3251 [carnificem
403 3189 529 3251 quorum
543 3181 630 3228 extra
643 3187 709 3226 eam
730 3179 845 3258 portam
866 3167 982 3240 domus,
997 3168 1036 3227 ud
1050 3168 1204 3228 solennem
1225 3188 1296 3248 sup·

216 3247 317 3327 pliciis
333 3249 441 3309 locum.
482 3248 547 3307 Imo
570 3258 601 3306 et
622 3245 738 3306 coriarir
758 3266 794 3305 ac
814 3247 1002 3325 vispelliones
1024 3248 1099 3307 urbe
1119 3248 1259 3318 submoti,
1278 3266 1297 3306 a

236 3325 414 3388 uriacuise.
457 3325 618 3386 Morticina
632 3323 860 3384 enimtiuctnnt.
892 3325 1100 3386 Artemidorus
1121 3331 1149 3394 l,
1168 3327 1216 3386 53.
1256 3324 1297 3386 Τὸ

216 3347 250 3465 It
268 3404 460 3488 βυρσοδεψεῖν,
478 3403 548 3464 neiat
562 3417 627 3482 utun
646 3401 683 3464 όν.
696 3403 795 3486 νεκρῶν
808 3401 867 3486 γὰρ
881 3403 1002 3465 ἅπτεται
1015 3403 1183 3482 σωμάτωνὸ
1197 3404 1298 3486 dupun-

218 3483 315 3563 δέψης,
329 3484 377 3545 nul
389 3485 439 3563 ric
452 3482 559 3554 πόλεως
573 3426 741 3563 depicturus·
784 3483 846 3542 Sed
859 3483 932 3561 quid
945 3493 1001 3561 est,
1015 3483 1096 3562 quod
1111 3483 1234 3542 Tacitus
1247 3481 1297 3540 hie

218 3563 332 3625 diserte
351 3565 484 3624 nominat
504 3559 710 3643 Esquilinam?
751 3561 823 3636 Non
837 3562 1026 3622 temerarium
1045 3573 1109 3622 est:
1130 3581 1188 3621 nec
1206 3559 1298 3620 facile

218 3642 359 3724 reperies,
375 3653 408 3703 ut
423 3662 480 3722 ego
495 3661 615 3713 censeo,
633 3641 685 3699 ubi
695 3640 832 3720 supplicii
843 3659 899 3713 res,
909 3641 1053 3702 nominari
1064 3652 1181 3718 portam
1191 3639 1297 3699 aliam:

219 3723 275 3794 nisi
289 3735 390 3784 tumen
404 3722 539 3793 Metinm,
554 3731 588 3780 ut
601 3720 709 3781 iterum
723 3721 803 3799 apud
817 3719 958 3781 Plautum
973 3721 1040 3782 Cas.
1051 3722 1081 3790 2,
1094 3723 1125 3789 6,
1140 3723 1169 3778 2.
1210 3717 1299 3777 Ilium

219 3802 334 3883 'aedepol
349 3802 444 3863 uidere
464 3802 608 3861 ardentem
627 3809 654 3860 te
675 3812 755 3859 entra
772 3808 885 3880 portam
905 3799 1036 3870 Metione,
1058 3797 1160 3868 Credo,
1179 3807 1298 3866 ecastor,

219 3881 302 3942 uellet
332 3881 393 3941 Sed
423 3880 628 3958 rofecto‚quae
636 3877 856 3950 MetinPlauto,
871 3877 976 3937 endem
986 3888 1032 3936 est
1046 3895 1115 3936 cum
1126 3875 1297 3955 Esquilinas

217 3902 469 4037 argumentoIoci
479 3959 516 4019 de
529 3957 690 4037 suppliciis,
699 3967 764 4016 tum
777 3957 890 4017 numeri
900 3955 1034 4036 situsque
1047 3965 1199 4034 portarum
1206 3953 1298 4014 urbis.

218 4037 320 4116 «quue
332 4050 401 4098 ante
414 4060 462 4100 me
476 4035 627 4100 censuisse
642 4036 729 4096 sudio
751 4034 910 4095 Octavium
930 4035 1178 4114 Panthagathum',
1199 4031 1300 4089 sirum

218 4134 372 4195 magnum,
389 4119 492 4189 altum,
508 4129 538 4177 et
552 4116 603 4196 qui
617 4133 681 4176 esse
703 4115 813 4175 doctus
833 4116 967 4194 eligeret,
981 4132 1071 4205 quem
1091 4109 1194 4170 rideri.
1232 4109 1303 4168 Non

222 4196 352 4274 inquam,
367 4196 496 4277 reperies
510 4195 597 4256 aliam
611 4193 792 4254 nominatam
806 4195 843 4253 ab
857 4195 932 4264 istis,
947 4193 1002 4252 nien
1016 4192 1095 4250 forte
1110 4188 1257 4249 Collinam
1270 4189 1302 4246 iu

220 4270 389 4337 Vestalium
412 4286 530 4336 morte-t
557 4273 637 4354 quud·
663 4269 744 4332 aliud
767 4291 785 4330 n
807 4272 953 4351 supplicIo
972 4270 1128 4362 vulgatos
1150 4266 1243 4329 'Facit
1266 4266 1305 4326 sd

224 4364 341 4434 portam
370 4353 564 4444 Esquilinum,
588 4351 669 4432 quod
699 4351 870 4419 Suetonius⁴
885 4353 915 4410 in
943 4347 1067 4420 Claudio
1092 4352 1141 4413 25.
1166 4344 1300 4426 scripsit:
