3034 4967
139 236 141 240 ’
200 250 260 310 sos
351 302 354 307 ,
397 248 456 309 un.
478 249 575 311 nuo.
597 250 774 311 causan
793 250 1010 313 excursus
1032 253 1074 312 11.

81 419 94 457 r
200 408 267 467 929.
288 404 318 461 in
342 405 449 483 quibus
471 418 519 467 est
541 424 606 469 rra.
627 426 732 468 ratres.
756 426 831 469 avo.
854 426 917 471 nra.
957 410 996 469 Et
1023 408 1110 469 rideo
1131 410 1262 487 quidem,

199 481 343 541 Maffeum
362 484 393 541 in
414 484 632 564 Critic.Lapid.
645 506 674 564 p.
692 492 761 548 435.
789 486 865 547 hanc
887 487 1107 564 inscriptionem
1136 488 1266 569 spuriam

200 560 345 622 ‘udicarei
363 562 427 632 sed,
450 563 475 621 si
494 563 623 623 maxime
642 564 689 635 sit,
710 576 815 625 tamen
830 565 1075 643 Cannegicterus,
1097 566 1135 625 de
1156 568 1264 627 nomin.

229 657 286 700 om.
300 641 375 699 mut.
388 660 416 700 c.
428 644 459 712 4,
472 662 501 720 p.
518 645 562 701 16.
584 642 654 701 alias
668 642 873 721 inscriptiones
886 642 996 712 attulit,
1006 643 1152 723 inquibus
1165 645 1263 705 liberti

200 716 310 775 Tiberii
323 718 508 797 appellantur
519 720 606 779 Jalir‘.
647 720 813 790 Enimvero,
834 739 872 780 an
891 731 1030 792 poteraut
1049 725 1091 783 sic
1109 724 1262 801 appellari,

198 794 253 854 uisi
267 806 408 873 patronus
420 796 463 857 ita
475 788 674 876 appellaretur
687 799 776 877 pleno
789 793 929 858 nomine?

237 950 311 1029 Cap.
333 950 375 1012 ll.
415 951 594 1032 Vespasiano
616 954 795 1032 permittitur
818 952 912 1033 primo
934 954 1098 1017 relationem
1107 960 1213 1039 ficere
1232 964 1264 1017 et.
1331 931 1339 948 .

196 1030 358 1091 mirere.-
385 1031 466 1107 quod
482 1034 531 1109 jus
544 1050 584 1090 ex
598 1031 627 1093 b.
641 1033 662 1092 l.
674 1032 776 1092 laudat
796 1032 929 1094 Zamosc.
944 1034 990 1103 de
1010 1036 1112 1111 Senot.
1134 1037 1172 1097 R.
1186 1042 1216 1104 2,
1230 1041 1258 1098 9.
1320 1099 1325 1106 ,

196 1119 274 1168 extr.
293 1128 353 1167 non
373 1108 513 1187 explicat.
552 1110 589 1168 ld
609 1109 725 1169 ridetur
746 1110 820 1181 lieri,
837 1130 906 1173 cnm
927 1114 1023 1191 jubet,
1042 1132 1061 1173 a
1084 1116 1258 1175 Consulibus
1329 1100 1352 1125 χ’

195 1187 368 1248 relationem
381 1186 461 1245 lieri:
481 1206 548 1247 nam
562 1187 620 1247 hoc
632 1207 751 1267 quoque
762 1190 835 1267 iuris
852 1191 948 1268 Irnpp.
968 1190 1108 1252 habuere.
1149 1192 1258 1253 Plinius

197 1264 253 1343 Ep.
265 1270 295 1336 9,
312 1270 358 1325 la.
381 1276 412 1324 et
425 1264 590 1325 relationem
603 1266 710 1345 quidem
725 1268 760 1327 de
780 1290 812 1329 eo
835 1267 935 1327 Caesar
947 1269 988 1328 ad
1000 1272 1132 1331 Senatum
1146 1292 1200 1332 non
1215 1290 1259 1331 re-

195 1344 281 1412 misit,
291 1344 321 1402 lr.
331 1362 359 1403 e.
368 1359 428 1402 non
433 1344 530 1419 jussit,
540 1343 641 1405 referri
652 1345 691 1405 de
699 1364 775 1405 eare
789 1348 828 1407 ad
838 1346 990 1418 Senatum,
1001 1360 1035 1407 ut
1042 1350 1118 1409 bene
1128 1350 1259 1428 explicat

196 1422 326 1481 Cottius.
366 1420 486 1480 Deinde
494 1423 676 1501 ,permittitur
689 1424 878 1502 Vespasiano,
902 1423 981 1485 scm
991 1428 1096 1505 faeere
1107 1447 1163 1507 per
1181 1429 1257 1487 relo-

193 1500 298 1559 tionem
310 1498 455 1560 massan
554 1547 561 1561 .
601 1503 648 1560 Ex
661 1501 804 1563 relatione
817 1502 892 1561 fiunt
905 1503 1004 1563 omnia
1018 1504 1107 1575 scta,
1125 1505 1172 1565 vel
1190 1524 1258 1564 sen·

163 1577 800 1719 -ttttstttldblf.tt‘.l⁵tt⁸ltts
817 1580 1137 1737 dussellum?
1148 1583 1259 1721 tlt:
1288 1670 1290 1674 ·

599 1698 608 1729 l
1130 1702 1138 1731 9

193 1745 298 1794 auctor
319 1732 426 1795 Cicero
440 1734 516 1796 Phil.
532 1741 563 1807 3,
581 1740 610 1796 9.
632 1735 723 1814 idque
735 1737 845 1797 frustra
857 1736 976 1813 negauit
986 1738 1100 1808 Ateius,
1118 1758 1165 1817 ap.
1176 1739 1258 1799 Gell.

195 1816 242 1882 14,
258 1814 286 1874 7.
325 1812 385 1871 Sed
395 1812 469 1871 ratio
478 1813 606 1874 faciendi
617 1816 686 1876 scu·
696 1815 872 1893 conquisitis.
880 1815 1041 1885 sententiis,
1053 1815 1160 1877 dicitur
1170 1819 1258 1877 etiarn

185 1911 242 1969 per
253 1891 426 1960 relationem,
442 1902 474 1949 nt
487 1903 595 1969 praeter
608 1892 637 1950 h.
651 1892 671 1950 l.
684 1904 767 1971 patet
781 1893 908 1953 eGellio
917 1890 936 1947 1.
951 1912 977 1951 c.
1017 1894 1129 1953 Caussa
1141 1894 1257 1955 videtur

191 1986 256 2029 esse
269 1968 353 2035 baec3
373 1969 453 2045 qnod
466 1969 496 2027 in
509 1970 568 2029 boc
581 1990 691 2049 genere
706 1971 816 2031 Consul
831 1970 902 2029 nibil
917 1970 998 2029 aliud
1010 1991 1097 2051 quam
1111 1976 1201 2033 refert
1218 1972 1256 2033 ad

192 2047 346 2115 Senatum,
368 2046 398 2103 in
421 2047 473 2105 illo
492 2049 588 2107 altero
607 2048 696 2109 etiam
714 2052 800 2127 jubet
818 2045 971 2111 discedere
992 2048 1020 2109 in
1060 2062 1148 2111 artes.
1187 2053 1256 2111 Hoc

91 2144 92 2149 ¹
190 2125 259 2184 loco
276 2124 381 2202 quaerit
404 2126 524 2204 &anim
543 2125 579 2185 V.
599 2127 641 2186 D.
662 2147 701 2187 an
723 2130 832 2196 Caesar,
854 2144 913 2187 non
939 2126 1017 2185 Cons
1049 2170 1057 2195 ‚
1086 2128 1257 2199 relationem

190 2202 348 2263 habuerit?
389 2203 502 2263 Habuit
515 2204 627 2281 utique,
642 2224 695 2282 per
707 2205 1098 2280 Tribunitiampotestatem.

231 2359 305 2438 Cap.
319 2359 356 2416 V.
370 2358 456 2419 datur
464 2366 592 2436 peterem
598 2360 768 2441 proferendi
775 2361 908 2441 pomerii,
921 2358 966 2417 uti
977 2358 1072 2419 doluit
1080 2361 1154 2441 Imp.
1167 2360 1255 2423 Clau·

189 2439 263 2498 dan.
290 2437 352 2497 Cur
366 2456 425 2497 uon
438 2436 566 2507 additur,
582 2450 615 2497 ut
628 2438 658 2497 in
671 2438 748 2509 aliis,
762 2439 804 2498 ati
816 2438 914 2499 doluit
926 2438 970 2498 D.
987 2440 1156 2519 Augustae?
1180 2440 1256 2499 Nam

111 2567 115 2573 .
190 2527 221 2588 et
239 2516 320 2575 hunc
338 2516 502 2594 pomerium
519 2516 686 2595 protulisse,
707 2519 816 2577 diserte
834 2517 924 2578 tradit
945 2516 1066 2576 Tacitus
1087 2519 1126 2576 A.
1146 2523 1192 2588 12,
1207 2522 1255 2577 23.

190 2595 231 2652 Et
244 2614 384 2672 quorsum
396 2592 461 2651 haec
481 2604 611 2672 potestas
631 2595 811 2664 decernitur,
826 2614 914 2675 quom
934 2613 992 2653 sua
1007 2606 1113 2673 sponte
1127 2606 1190 2655 erat
1203 2595 1255 2654 ha·

161 2672 316 2743 ‚biturus,
343 2690 411 2729 curn
437 2682 585 2750 potestate
604 2672 773 2751 proferendi
793 2674 866 2733 lines
886 2672 1006 2751 Imperii
1033 2672 1117 2733 bellis
1141 2672 1256 2733 fortiter

189 2768 225 2811 aa
238 2749 365 2810 feliciter
381 2749 544 2829 gerendis?
1214 2776 1218 2783 ι

228 2906 303 2984 Cap.
316 2905 402 2965 v111.
421 2926 480 2966 non
495 2907 534 2965 ad
553 2907 651 2966 vivum
670 2909 833 2967 resecanda
853 2920 922 2967 sunt
941 2908 1036 2967 verba.
1051 2927 1086 2967 ae
1104 2906 1129 2966 si
1148 2905 1257 2983 Populi

185 2983 310 3063 plebisve
312 2986 400 3063 jassa
413 2998 481 3044 aeta
494 2998 606 3043 emente
626 3005 684 3045 nec
696 2986 740 3046 sic
753 2986 955 3065 intelligenda,
971 2985 1052 3063 quasi
1066 2996 1128 3042 tum
1142 2984 1258 3061 aliquid

188 3063 293 3141 Populi
306 3062 437 3141 plebisve
448 3065 532 3140 jussu
545 3062 609 3121 lieri
621 3063 740 3132 solitum
754 3076 841 3133 esset,
860 3082 985 3144 quorum
993 3062 1065 3121 illud
1078 3062 1115 3121 de
1129 3061 1255 3120 comitiis

188 3140 371 3209 centuriatis,
395 3141 453 3201 hoc
476 3140 514 3199 de
536 3141 652 3201 tributis
673 3141 793 3213 dicitur,
816 3162 884 3203 eum
907 3141 1005 3202 omnia
1025 3159 1079 3218 per
1102 3139 1255 3214 Senatum,

187 3219 351 3279 seeundum
372 3218 547 3297 Principem,
567 3231 761 3297 gererentur;
784 3221 840 3279 sed
857 3232 890 3279 ut
910 3220 991 3279 dicta
1011 3238 1028 3278 e
1048 3236 1129 3277 more
1142 3215 1254 3287 latere,

187 3316 248 3387 quo
260 3295 345 3355 firma
358 3308 449 3367 erant,
464 3316 530 3374 quae
543 3297 673 3375 Populus
687 3298 808 3375 plebsve
827 3297 953 3358 comitiis
974 3294 1145 3357 centuriatis
1163 3296 1255 3355 tribu·

188 3373 416 3450 trsrejussisset.
839 3386 842 3391 ’

227 3529 370 3591 Ultimum
385 3542 474 3609 caput
488 3532 580 3591 habet
592 3532 670 3591 hanc
684 3532 920 3611 inscriptionem:
943 3533 1068 3591 Sanctio.
1099 3530 1253 3591 Enimvero

187 3620 277 3689 caput
290 3609 364 3687 legis
377 3608 475 3687 potius
489 3610 615 3680 videtur,
629 3629 718 3685 quam
729 3611 844 3671 sanctio
855 3610 937 3688 legis.
974 3610 1051 3669 Nam
1061 3609 1090 3667 in
1101 3608 1253 3669 sanctione

187 3701 233 3749 est
247 3687 418 3748 constitutio
432 3708 540 3765 poenae,
554 3699 606 3747 aut
619 3688 709 3757 alind,
722 3709 782 3769 quo
796 3690 844 3749 lex
857 3687 1025 3763 stabilitur,
1041 3688 1120 3765 quod
1133 3687 1253 3746 hicnon

188 3779 252 3827 est:
264 3767 317 3827 sed
326 3766 424 3845 potius
433 3766 756 3844 tribuiturVeapasiano
764 3778 895 3845 potestas
903 3766 975 3825 alios
984 3766 1099 3844 legibus
1109 3765 1252 3834 solvendi,

187 3857 222 3905 ut
239 3846 351 3923 possint
363 3846 428 3922 ejus
438 3846 521 3921 jussu
535 3846 656 3926 impune
668 3845 779 3917 facere,
793 3866 859 3927 quae
869 3844 918 3905 alii
929 3845 1072 3924 perleges
1084 3842 1185 3903 facere
1194 3862 1253 3901 non

185 3933 333 4004 possunt.¹

225 4082 372 4148 Ceterum,
386 4078 523 4160 quoniam
537 4081 595 4140 hoc
607 4081 805 4159 fragmentum
816 4090 936 4158 putatur
946 4096 1011 4137 csse
1024 4077 1095 4157 legis
1105 4075 1179 4150 ejus,
1188 4096 1253 4153 quae

186 4156 383 4297 pigptspipiano
397 4158 489 4238 nagia
503 4171 636 4229 vocatur,
649 4178 707 4218 nec
721 4158 815 4227 male3
835 4158 873 4215 de
892 4174 928 4215 ea
947 4156 1075 4214 breviter
1094 4154 1254 4215 dicendum
1332 4250 1333 4253 Ἴ

172 4435 180 4443 ,
228 4388 1252 4472 Deeaquamvarieexistimatumsitadoctisviris,nonignoraut‚qui
1334 4418 1337 4422 ·

188 4478 218 4535 in
227 4473 284 4530 boc
295 4489 405 4551 genere
415 4471 576 4533 litterarum
587 4472 694 4533 versati
703 4484 770 4532 sunt
780 4473 949 4546 accuratius.
975 4471 1052 4531 Nam
1066 4468 1114 4529 alii
1129 4468 1250 4547 Regiam
