3034 4967
208 229 262 286 roa
301 299 305 308 ⁴
536 217 702 296 rrnrsn
724 232 935 320 arenosus
997 275 1016 304 t

990 361 992 366 .
1010 337 1023 370 Ν

204 394 301 454 tamen
326 397 457 458 eatenus,
484 400 515 448 ut
534 400 606 468 quot
630 395 808 472 quaestiones
831 407 941 462 essent,
961 395 1083 454 totidem
1104 399 1262 460 Praetor-est

208 467 300 538 (errat
313 463 432 542 largiter
444 470 622 546 Pomponius
634 473 671 530 de
681 473 763 549 Orig.
774 474 857 549 juris,
869 477 907 532 Ι).
923 475 1000 534 l.tit.
1014 480 1042 534 2.
1053 476 1102 551 qui
1116 477 1148 534 id
1157 479 1264 543 sensim

203 542 272 619 quia
285 543 383 620 plures
396 563 475 624 saepe
489 549 663 624 quaestiones
683 551 763 628 apud
780 553 918 610 eumdem
939 553 1096 612 l'raetorem
1117 556 1264 614 exercitas

204 624 333 697 constat)
360 623 460 682 sedin
481 625 781 688 universum'addidit
800 629 883 689 duos.
936 631 983 689 lta
997 651 1056 689 non
1075 632 1174 709 plures
1193 646 1263 692 octo

204 700 347 762 Praetores
356 700 394 760 ad
405 702 555 763 Ciceronis
564 724 669 776 sevum,
681 707 772 786 idque
782 727 822 768 ex
832 708 917 768 variis
927 711 990 786 ejus
1003 710 1119 788 scriptis
1133 711 1262 778 clarum;

203 797 263 851 non¹
290 777 403 849 decern,
427 792 460 840 ut
484 783 575 844 voluit
602 784 842 846 Jurisconsultus.
892 787 1042 866 Opressa
1064 807 1134 848 mox
1164 791 1261 866 Repu-

201 857 287 934 blica,
310 858 345 918 C.
365 859 462 920 Coesar
486 861 621 920 Dictator
637 864 747 941 primus
770 865 895 924 instituit
915 808 1029 935 decem,
1047 885 1107 943 quo
1128 867 1261 943 pluribus

202 935 346 994 bellorum
364 937 451 1002 sociis
471 939 612 998 honorem
632 961 700 1000 eum
717 940 940 1018 gratificaretur.
982 945 1040 1004 Dio
1052 944 1103 1015 42,
1116 945 1164 1004 51.
1198 943 1261 1005 Ἵνα

201 1011 307 1082 πλείους
341 1013 429 1076 adruir
457 1017 687 1096 (arrepturae-reis
715 1021 861 1099 intelligo)
896 1020 1059 1100 ἀμείψηται,
1091 1022 1260 1104 στρατηγούς
1315 1019 1325 1038 ’

201 1115 232 1153 ra
252 1091 318 1152 δέκα
337 1095 365 1162 ἐς
379 1094 410 1156 τὸ
427 1092 502 1155 ἐπιὸν
514 1091 573 1166 ἔτος
593 1099 743 1176 ἀποδεῖξαι,
759 1098 807 1160 aab
825 1100 909 1181 ἱερέας
929 1099 992 1182 rirrrip
1008 1100 1041 1162 rb
1053 1101 1259 1182 νενομισμένον

201 1173 251 1248 qui
265 1171 457 1250 Pomponium
476 1174 583 1234 refellit
603 1175 756 1238 disertim.'
784 1179 843 1236 Sed
861 1198 917 1238 nec
938 1179 967 1237 in
983 1199 1019 1238 eo
1039 1199 1162 1238 numero
1176 1181 1260 1240 stetit

202 1253 307 1326 Caesar,
322 1253 490 1330 creavitque
505 1254 621 1313 biennio
635 1267 701 1331 post
715 1256 800 1324 XIV,
819 1256 984 1336 iterumque
997 1277 1073 1334 anno
1088 1271 1155 1336 post
1167 1261 1260 1326 xv1;

200 1329 300 1407 idque,
315 1341 348 1388 ut
357 1330 419 1388 -Dio
433 1331 511 1388 idern
524 1331 592 1405 443,
607 1332 668 1408 49.)
685 1334 736 1402 ait,
751 1335 781 1392 in
792 1335 899 1394 multos
908 1355 1007 1395 annos.
1047 1341 1085 1397 At
1094 1339 1258 1414 Augustus,
1328 1383 1331 1386 .

104 1457 107 1466 .
160 1466 162 1471 ,
201 1406 363 1486 Republica
378 1420 407 1467 et
426 1408 549 1486 imperio
563 1412 683 1488 potitus,
698 1414 808 1489 pariter
821 1414 932 1472 varium
945 1434 977 1473 se
996 1417 1025 1472 in
1040 1416 1096 1474 hac
1110 1417 1259 1474 creatione
1340 1437 1343 1441 ·

200 1486 299 1564 gessit.
339 1491 373 1546 A.
390 1506 416 1544 u.
431 1486 499 1556 731.
513 1489 617 1548 minuit
632 1490 830 1550 Caesarianum
844 1499 1006 1561 numerum,
1026 1494 1206 1572 retrusitque
1221 1495 1259 1552 ad

168 1606 171 1616 -
200 1565 313 1634 decem.
354 1565 414 1624 Dio
426 1567 475 1638 53,
495 1566 542 1626 32.
583 1568 682 1628 Ταῦτά
701 1587 733 1628 re
750 1567 834 1639 οὕτως
858 1568 1051 1650 ὃΑὗγουστος
1071 1571 1190 1648 ἐποίησε,
1211 1572 1258 1631 ael

112 1656 113 1659 ’
198 1642 369 1724 arear-ryme
384 1644 511 1717 ddam‘uir
526 1643 600 1705 oo'lir
617 1644 657 1708 ἔτι
671 1649 803 1708 πλειόνων
817 1646 939 1726 δεόμενος
952 1649 1088 1724 α’πέδειξε.
1125 1649 1256 1708 Velleius
1332 1682 1338 1690 ·

197 1723 225 1792 2,
235 1723 283 1783 89.
308 1721 457 1803 imperium
468 1722 691 1806 Magistratuum
700 1727 892 1806 adpristiaum
903 1727 1162 1794 redactumlmodum
1168 1751 1181 1796 ,⁰
1193 1738 1257 1787 ton·

198 1803 335 1882 tenuando
357 1816 417 1861 coto
435 1803 612 1864 Praetoribus
631 1805 738 1864 adlecti
757 1806 822 1865 duo.
843 1807 932 1864 Anno
953 1806 1020 1873 764
1040 1807 1255 1876 creavit-XVI,

197 1893 318 1959 propter
334 1882 449 1941 turbam
469 1883 712 1961 competitorum
732 1885 775 1943 ita
795 1895 905 1954 tamen,
927 1885 984 1964 (ait
1005 1884 1257 1958 motaretur

197 1959 406 2038 posterioribus
421 1958 560 2038 deinceps
575 1962 673 2020 multis
686 1963 769 2022 annis
789 1963 849 2022 XII
868 1963 1023 2023 dumtaxat
1038 1975 1161 2024 crearet.
1180 2005 1184 2012 ·
1200 1967 1255 2022 At·

197 2059 256 2116 que
270 2039 326 2098 hoc
341 2049 397 2109 est,
413 2040 493 2116 quod
514 2039 561 2097 hio
576 2039 697 2098 Tacitus
711 2042 748 2100 de
763 2041 945 2100 duodenario
962 2062 1084 2100 numero
1098 2043 1255 2102 traditoab

197 2119 335 2196 Augusto
349 2119 520 2194 adseverat:
542 2135 610 2174 vere
624 2125 658 2174 et'
672 2129 768 2186 recte,-
780 2118 804 2174 si
817 2118 958 2194 respicias
975 2119 1110 2181 instituta
1127 2123 1191 2195 ejus
1204 2142 1256 2180 ex-

129 2207 132 2214 '
197 2208 300 2257 trema.
341 2196 416 2264 Nam
431 2196 470 2263 ad
482 2194 576 2271 prima
588 2194 698 2270 adjecit
709 2195 811 2254 oculos
826 2195 1021 2272 Pomponius,'
1030 2197 1080 2274 qui
1089 2186 1160 2256 XVI
1176 2202 1256 2258 Prae-.

197 2287 275 2334 tores
289 2271 441 2334 constituit
449 2275 502 2330 sub
514 2275 659 2348 Augusto,
671 2284 701 2331 et
711 2272 741 2330 in
752 2285 884 2351 tempore
894 2272 997 2331 saltem
1008 2286 1095 2342 errat.
1114 2278 1162 2345 At,
1173 2280 1255 2355 quod

197 2352 348 2412 Tiberium
359 2354 473 2430 jprasse
486 2349 606 2424 Tacitus
621 2350 671 2421 ait,
687 2370 718 2410 se
736 2371 890 2410 numerum
903 2354 963 2412 ΧΠ
976 2372 1034 2412 non
1054 2372 1254 2426 excessurum,
1321 2401 1324 2407 .
1419 2369 1426 2375 ·

197 2432 261 2510 quis
277 2431 414 2504 Pontifex
439 2428 567 2506 perjurio
583 2448 650 2488 eum
663 2430 782 2490 solvet?
829 2433 904 2490 Nam
920 2450 977 2507 ego
990 2431 1144 2490 manifesto
1161 2433 1253 2493 homi·
1347 2495 1351 2503 ,

195 2529 263 2568 nem
276 2522 365 2582 teneo
380 2528 418 2566 ex
431 2507 534 2566 Dionis
549 2508 723 2568 vtestimonio
741 2509 791 2578 58,
806 2509 853 2568 20.
875 2509 924 2585 qui
945 2509 1087 2576 adfirmat,
1103 2510 1253 2570 Tiberium

196 2608 221 2646 a.
236 2609 264 2645 u.
279 2588 347 2657 736.
363 2585 530 2666 quindecim
545 2586 689 2646 Praetores
709 2607 834 2656 creasse,
855 2588 1012 2664 additque:
1034 2587 1090 2648 Kal
1109 2590 1186 2648 τοῦτο
1199 2592 1253 2657 s'rrl
1344 2593 1347 2599 ’

123 2669 127 2684 “
194 2665 290 2725 πολλὰ
307 2662 354 2741 ἔτη
369 2663 478 2739 συνέζη,
493 2661 643 2734 brattea
657 2665 709 2744 μὲν
722 2663 768 2726 dre
780 2665 941 2735 tamitana,
960 2661 1019 2726 ἔστι
1033 2667 1061 2724 δὲ
1074 2663 1119 2727 ὅτε
1133 2669 1179 2732 καὶ
1191 2662 1245 2749 adp

195 2743 254 2813 ἕνα,
268 2742 343 2820 danti
358 2743 401 2806 δύο
415 2745 635 2832 χειροτονεῖσθαι.
677 2746 769 2803 lmmo
783 2745 923 2803 Claudius
932 2745 1006 2823 lmp.
1015 2746 1084 2804 allas
1092 2747 1175 2814 XIV,
1185 2749 1255 2805 alias

131 2825 133 2828 ’
195 2821 604 2888 XVlllcreavit31nterdum
621 2823 717 2884 medio
737 2823 815 2882 inter
831 2824 885 2884 hos
899 2843 1030 2886 numero.
1081 2825 1157 2909 Vide
1171 2845 1283 2916 eum·‚k
1346 2840 1350 2846 ·
1408 2817 1412 2823 ’

194 2903 261 2960 dem
273 2903 410 2963 Graecum
424 2899 473 2972 60,
489 2900 534 2992 Ill.

644 3083 647 3106 ·
695 3053 746 3136 js.

392 3211 395 3219 “
457 3268 464 3282 ,
506 3203 513 3209 ’
590 3219 813 3313 ,·car.sv.
886 3172 889 3177 ³

232 3382 251 3440 J
254 3389 344 3442 uerus
354 3381 462 3440 Cressa
470 3382 518 3456 jus
528 3377 646 3436 creandi
655 3377 845 3454 Magistratus
855 3397 913 3434 non
921 3388 1016 3434 totum
1027 3397 1044 3435 a
1055 3379 1165 3455 populo
1173 3381 1250 3449 tulit,

193 3461 286 3519 cruda
294 3459 391 3517 adhuc
400 3459 549 3526 seruitute,
558 3455 724 3516 sedodmeo
734 3457 838 3514 divisit.
860 3456 1249 3537 Suetoniussatisclarecap.

192 3541 264 3600 sill.
287 3533 1250 3617 Comitiacompopulnpartitusest5ut,exceptisCoasulotuscompe-

192 3618 329 3688 litoribus,
346 3617 486 3676 deterere
507 3615 619 3672 numero
635 3613 858 3683 candidatorum,
874 3634 931 3694 pro
941 3623 1033 3696 parte
1045 3615 1171 3685 dimidio,
1185 3639 1251 3695 quos

186 3693 683 3778 populosvedet,prcnurtbr'sreatrtrr
700 3693 829 3771 (justum
840 3693 1024 3769 comitiorum
1032 3694 1154 3751 verbum
1164 3706 1249 3763 esset,

97 3801 101 3814 ·
192 3777 431 3853 renuntiarentur)
441 3795 497 3854 pro
507 3771 703 3854 porteelteru,
717 3793 787 3851 quos
798 3771 856 3864 ipse
869 3772 998 3832 dedisset.
1015 3771 1138 3850 (scribe,
1149 3775 1250 3832 edidis-
1335 3815 1338 3818 ⁴

192 3857 255 3927 set.)
297 3857 340 3915 Et
353 3855 451 3915 edebat
462 3875 516 3934 per
527 3851 642 3919 libellos,
661 3851 763 3912 circum
777 3852 867 3910 trabas
880 3850 981 3918 mimos,
998 3852 1141 3926 scriptura
1155 3852 1251 3910 brevi:

195 3935 292 4000 Coeaar
305 3935 432 3994 Dictator
441 3933 489 3993 illi
501 3931 593 3991 tribui.
620 3929 784 3990 Comraeado
796 3929 874 3992 cobis
887 3928 963 3988 illum
977 3938 1005 3988 et
1017 3927 1105 3996 mum,
1117 3939 1148 3988 at
1156 3939 1250 3989 aestro
1330 3972 1334 3977 -
1407 3977 1409 3981 .

190 4013 326 4102 ambrogio
340 4033 417 4087 suum
430 4013 598 4092 dignitatem
611 4019 724 4068 teneaat
734 4011 764 4076 †.
801 4007 858 4067 Ubi
867 4006 959 4076 vides,
971 4008 1146 4066 Consulibus
1160 4018 1263 4065 exce-¹

93 4125 94 4128 =
190 4104 259 4169 ptis,
274 4109 304 4146 rn
319 4099 485 4150 ceterorum
494 4090 631 4168 suffragia
643 4088 755 4166 aequale
767 4085 953 4164 jusPrinoipi
964 4087 1054 4144 fuisse
1065 4105 1131 4144 cum
1142 4087 1247 4162 plebe:

191 4169 549 4249 namssonsuleaquidem,
559 4167 661 4236 summi
673 4167 786 4244 imperii
795 4166 863 4224 olim
872 4185 986 4235 nomen,
998 4165 1097 4241 etipse
1110 4176 1141 4221 et
1154 4164 1249 4222 secuti

194 4331 204 4346 ⁴
223 4330 237 4357 ‘⁸
255 4331 281 4376 V.
293 4327 364 4374 Dion.
374 4329 413 4387 43,
426 4327 466 4383 47.
476 4327 532 4376 aeds
542 4328 597 4376 anni
608 4329 663 4384 toa.
795 4365 800 4382 .

223 4397 243 4447 †
257 4392 286 4440 ln
296 4391 347 4440 loco
358 4392 460 4441 Suetonii
468 4393 485 4440 J
487 4393 518 4440 ul·
529 4395 566 4440 41.
579 4396 673 4441 verbum
680 4393 896 4454 praetenderentur
906 4399 984 4438 tuetur
992 4391 1073 4438 Burm.
1085 4387 1178 4436 Ernesti
1187 4389 1252 4447 item,

190 4459 393 4532 quiproaunlieie
404 4457 522 4507 convenire
530 4457 595 4504 docet
607 4457 763 4520 Magistrum,
775 4456 817 4520 qui
823 4455 915 4504 comitia
922 4455 1020 4506 habebat
1026 4472 1034 4514 ς
1052 4457 1185 4512 stauratium
1194 4469 1253 4517 pree.

190 4537 249 4572 conr.
261 4547 263 4570 :
