3034 4967
561 251 622 312 nn
642 249 803 312 ..runnu
824 237 903 310 Lis.
923 251 981 322 111·
1248 231 1302 308 isi

227 417 381 494 processit
394 416 471 476 enlin
493 417 579 475 XXV
596 416 696 476 solidis
717 417 819 491 annis3
842 428 874 475 et
886 413 1058 474 hallucinati
1073 412 1298 472 concinnatores

227 495 338 574 legum,
358 497 407 576 qui
425 496 633 558 confuderunt.
673 495 752 554 Dico
770 495 900 570 Juliem3
926 494 1022 552 verius
1042 492 1166 550 fortasse
1184 490 1297 551 Julius:

227 575 376 652 quianon
397 577 489 634 semel
510 587 554 634 tot
574 595 716 636 annorum
738 575 891 632 intervallo
910 574 1014 631 eadem
1035 572 1126 629 dere
1147 571 1239 629 latum
1253 571 1299 628 'ac

227 654 351 713 relatum
372 655 499 732 ideoque
512 655 630 734 proprie
643 655 777 714 locutum
790 655 927 730 *l'acitum
941 671 1060 717 censeo,
1073 671 1141 710 eum
1161 650 1211 708 hic
1223 651 1300 726 πληί

228 731 356 803 θυντικιῦς
369 735 496 814 scripsit,
510 735 629 812 Papiam
644 734 732 793 latam
744 742 819 811 post
826 732 846 792 J
848 732 924 801 ulias,
934 733 1112 810 rogationes.

231 903 234 912 Δ
267 865 453 924 bataautem
474 863 564 941 Papia
584 882 610 922 a.
628 881 658 922 u.
678 864 744 925 762.
763 881 833 919 sene
849 864 910 938 jam
933 861 1086 936 August03
1114 870 1144 918 et
1164 858 1225 919 lata
1244 877 1298 937 per

229 942 380 1003 Senatum.
420 943 526 1020 Itaque
541 953 571 1001 et
591 961 697 1000 nomen
716 941 925 1000 aConsulibus
945 939 1010 1006 illis,
1028 939 1119 1016 Papio
1137 938 1245 998 Mutilo
1266 943 1299 999 el

229 1021 414 1100 Q.Poppaeo
437 1021 583 1080 Secundo.
624 1021 715 1082 Dicta
733 1019 810 1078 enirn
827 1020 925 1100 Papio
943 1020 986 1078 Po
1024 1039 1078 1077 ceu.
1117 1017 1247 1076 Isidorus
1267 1021 1298 1086 5,

232 1105 277 1162 15.
319 1101 377 1160 Suo
399 1102 554 1160 Octauiano
574 1099 687 1160 Coesure
708 1099 822 1178 suffecti
836 1097 967 1158 Consules
982 1041 1089 1178 {ipius
1108 1110 1136 1155 et
1149 1098 1297 1178 Poppoeus

228 1181 316 1260 legem
327 1183 460 1250 tulerunt,
471 1202 535 1260 quse
545 1202 563 1238 o
574 1179 728 1240 nominibus
738 1200 832 1238 eorum
843 1177 938 1255 Pupia
949 1187 976 1235 et
986 1177 1114 1257 Poppcea
1127 1177 1299 1247 nominatur,

228 1259 374 1319 continens
391 1260 514 1338 primurn
536 1261 658 1329 (censeo
675 1257 903 1328 emendandum,
919 1270 1046 1335 potrum,
1068 1275 1136 1314 cunr
1156 1255 1299 1332 scripturn

229 1354 348 1414 concise
371 1354 472 1424 fuerit,
494 1341 594 1434 pedm)
614 1353 737 1432 promia
759 1374 815 1430 pro
836 1353 1021 1433 suscipiendis
1042 1351 1146 1412 liberis.
1186 1351 1299 1410 Caussa

228 1433 335 1492 iterum
357 1433 498 1504 ferendae,
521 1454 538 1494 e
558 1433 663 1494 'Facito
684 1433 811 1512 duplex:
838 1432 989 1492 incitandis
1008 1431 1137 1491 celibum
1160 1431 1251 1508 ponis
1272 1439 1301 1490 el

228 1513 334 1572 uror-io
345 1514 481 1593 augendo.
503 1513 662 1572 incitandis
676 1512 779 1593 poeuis,
794 1513 826 1570 id
838 1524 895 1578 est,
905 1512 1068 1588 augendis:
1082 1512 1197 1571 sincera
1209 1509 1300 1568 modo

227 1591 319 1652 lectio
333 1591 381 1650 sit.
401 1593 530 1670 Ambigo
541 1593 630 1659 eninr,
643 1605 674 1651 et
683 1593 776 1670 possit
789 1590 921 1658 rescribi,
934 1590 1073 1650 incitandi
1081 1589 1190 1650 celibes
1199 1589 1299 1668 poenie,

228 1670 291 1729 sive
306 1672 481 1732 incendendis
495 1673 625 1732 celibum
633 1671 736 1750 paenis,
751 1691 840 1728 sensu
852 1669 983 1740 clariore.
1006 1670 1112 1748 Capita
1124 1669 1199 1748 legis
1212 1668 1301 1728 Juliae

230 1750 353 1808 confusa
374 1770 441 1808 cunr
469 1751 570 1817 istius;
598 1752 726 1829 ideoque
748 1750 855 1828 passim
882 1748 994 1826 scripta
1013 1749 1298 1808 Jurisconsultorurn

229 1829 362 1896 laudata,
373 1829 429 1888 Ad
441 1832 532 1907 legent
542 1832 653 1890 dulium
666 1841 694 1888 et
703 1830 851 1908 Papium.-
872 1829 914 1886 ita
928 1827 1056 1904 inquam,
1072 1839 1105 1886 ut
1117 1826 1218 1905 Papia,
1234 1846 1300 1904 quoe

230 1906 346 1987 plenior
360 1908 562 1984 acerbiorque,
577 1908 738 1966 aboleverit
752 1919 783 1964 et
796 1907 877 1965 velut
896 1907 1081 1965 absorbuerit
1094 1907 1115 1965 J
1116 1907 1188 1964 ullas
1208 1905 1302 1982 leges.

231 1987 337 2044 Latam
353 1985 415 2043 dixi
435 2005 488 2063 per
504 1989 663 2054 Senatum
684 1997 715 2044 et
728 2005 829 2043 verum
844 1996 907 2043 est:
929 2005 1025 2062 eoque
1037 1985 1161 2052 ‚Paullus
1183 1983 1258 2042 libro
1272 1986 1301 2042 5.

231 2065 270 2123 ad
285 2065 382 2142 legem
397 2065 505 2124 Juliam
520 2077 550 2124 et
561 2066 681 2144 Papiam
699 2063 731 2138 (l.
746 2067 793 2127 71.
808 2065 842 2123 de
853 2063 948 2123 iered.
959 2065 1046 2124 instit.
1059 2077 1088 2122 et
1099 2063 1119 2123 l.
1134 2067 1182 2123 44.
1197 2064 1231 2122 de
1243 2064 1302 2124 ritu

232 2155 312 2226 nupt.
327 2147 347 2204 l.
371 2145 472 2223 Cupite
492 2145 527 2204 de
545 2145 599 2204 ritu
620 2150 711 2224 nupt.)
729 2157 882 2202 auctorem
904 2145 1043 2202 Senatum
1063 2143 1213 2202 nominat:
1245 2142 1304 2213 Sed

231 2224 307 2282 illud
327 2225 420 2303 quaeri
436 2234 541 2304 potest,
562 2224 668 2302 inquit,
688 2245 726 2282 uu
748 2224 822 2282 idem
840 2223 1008 2282 seruandum
1027 2225 1065 2282 sit
1085 2223 1166 2302 quod,
1183 2225 1302 2282 Senatus

227 2305 347 2373 censuit,
360 2305 468 2364 etiamsi
482 2305 511 2362 in
525 2305 612 2363 ulium
621 2324 771 2382 personum
786 2303 942 2380 captionem
954 2303 1101 2363 uireuerit.
1123 2301 1229 2382 Capita
1240 2303 1303 2379 ejus

232 2382 307 2459 legis
327 2383 423 2460 pluria
442 2383 578 2442 luerunt:
601 2383 675 2440 adeo
698 2394 730 2439 ut
751 2380 867 2439 XXXV
880 2382 981 2440 laudet
1001 2382 1069 2440 alibi
1083 2381 1103 2440 l.
1120 2385 1167 2441 19.
1182 2381 1230 2452 de,
1243 2383 1302 2440 ritu

231 2473 315 2540 nupt.
331 2461 512 2523 Marcianus.
553 2462 597 2520 Ea
610 2471 643 2519 ut
657 2461 797 2519 distincte
815 2480 987 2539 proponam,
1001 2462 1037 2518 ab
1056 2460 1175 2518 homine
1188 2481 1236 2518 me
1251 2479 1303 2520 ex·

232 2540 295 2617 iget
309 2560 398 2599 nemo
412 2539 501 2600 homo
514 2563 521 2598 z
545 2540 668 2600 confuse
682 2540 819 2618 quaedam
840 2541 1012 2612 recensebo,
1031 2551 1063 2598 et
1082 2539 1126 2598 uti
1143 2540 1256 2604 dabunt
1269 2558 1302 2598 se

231 2620 288 2678 sub
303 2639 431 2680 manum.

283 2751 396 2809 CAeur
414 2749 452 2808 de
469 2748 616 2828 enuptlune
634 2759 717 2808 entra
734 2760 846 2828 gentem
867 2749 1051 2828 ordinemque.
1094 2751 1145 2809 Uti
1166 2751 1303 2810 omnibus

234 2828 369 2906 ingenuis
382 2829 532 2888 libertinas
548 2848 655 2886 uxores
670 2829 780 2886 ducere
791 2831 839 2906 jus
855 2841 940 2896 esset,
957 2832 1146 2888 Senatoribus
1161 2832 1305 2910 exceptis.

235 2908 390 2986 Concepta
405 2907 508 2986 capitis
523 2910 586 2984 ejus
601 2909 701 2976 verba,
716 2908 795 2985 apud
809 2907 942 2967 Paullum
957 2908 1006 2966 lib.
1024 2911 1049 2964 l.
1063 2909 1101 2966 ad
1114 2908 1192 2967 hanc
1205 2911 1305 2989 legem

232 2985 516 3065 blideritunupt.
536 2986 705 3064 LegeJulia
715 2985 756 3044 ita
765 3000 896 3054 cavetur,
906 3005 960 3052 our
970 3005 1116 3045 sensuros
1125 3007 1193 3055 usu,
1203 3008 1305 3055 ourvu

234 3083 344 3124 sumus
365 3085 511 3125 usrosvs
533 3085 578 3123 ux
594 3083 685 3123 simo
703 3083 911 3123 enonnrusvs
933 3085 978 3123 nx
997 3084 1305 3128 r1n10uauocusus

234 3163 348 3204 nouum
368 3163 427 3202 nso*
441 3163 539 3202 surr:
562 3163 608 3203 Nn
624 3163 696 3211 oure
711 3162 824 3202 nonum
839 3161 980 3202 sponsans
995 3163 1177 3203 uxoremve
1192 3165 1305 3206 scmus

234 3242 318 3282 nono
333 3241 420 3282 unse
434 3241 563 3283 ussaw
584 3241 810 3305 mensurnam
831 3239 895 3280 suu
909 3242 978 3281 sarr
991 3242 1061 3290 Qum
1080 3243 1151 3283 resa
1164 3244 1304 3288 cuiusve

235 3321 344 3361 Prusa
371 3319 527 3362 munusve
555 3317 682 3382 narratu¹
698 3320 865 3361 nuurunnrn
892 3319 995 3370 sacru,
1020 3321 1181 3364 recem:
1213 3304 1305 3368 uuus

235 3401 413 3442 suunuoms
427 3398 518 3441 rum
532 3401 695 3442 uspersus
713 3401 759 3440 ax
772 3401 863 3440 mro
876 3401 1101 3442 rnounemsvu
1116 3405 1161 3443 ax
1174 3405 1307 3447 unrouu

235 3479 325 3521 mro
344 3479 429 3521 uiro
443 3481 539 3530 rusus,
559 3476 859 3531 ninunurruo,rr1vn,
877 3481 933 3528 our
954 3480 1024 3522 ress
1040 3469 1179 3524 curusvs
1197 3485 1306 3525 eausa

235 3559 393 3600 uersare:
415 3559 529 3600 Annuit
552 3557 720 3600 sumansu
735 3560 831 3600 usare
849 3560 1000 3613 rnonnru,
1018 3563 1133 3603 sennes
1151 3565 1304 3605 uurrsvu

235 3637 348 3680 seruus
361 3639 538 3680 nouonauo
552 3639 639 3680 asso.
681 3639 771 3680 rusve
786 3640 859 3687 Quis
872 3641 985 3681 norrun
998 3642 1080 3682 nouo
1093 3643 1181 3683 sanun
1194 3643 1306 3684 sursus

235 3715 378 3760 seousnrr
406 3719 586 3760 uxonnnrvn
614 3719 682 3758 nnis
709 3719 848 3760 ursano.
891 3705 931 3769 Et
952 3722 969 3760 e
994 3702 1061 3779 lege
1086 3704 1205 3782 quidem
1226 3703 1307 3764 Julia

235 3791 373 3858 recenset
396 3779 534 3838 Paullus:
571 3780 624 3838 sed
651 3781 769 3838 insitum
798 3781 826 3836 in
850 3781 970 3858 Pppiarn
997 3779 1088 3840 fuisse
1113 3783 1192 3840 clare
1216 3781 1307 3842 docet

237 3857 358 3917 Celsus:
388 3861 468 3938 Lege
488 3859 595 3936 Pupia,
618 3858 723 3938 inquit,
750 3861 1012 3921 curetur‘onrnidus
1036 3862 1176 3940 ingenuis,
1198 3875 1308 3942 preter

237 3937 388 3996 Senatores
402 3959 550 4017 eorumque
561 3937 673 4009 liberos,
687 3935 845 3996 libertinum
859 3961 976 3998 usonem
989 3941 1090 3998 labere
1104 3941 1198 4000 liuere.
1240 3940 1307 3999 Me·
1347 3965 1357 3974 ·

236 4016 365 4076 miniter
379 4016 440 4076 Dio
454 4019 554 4093 ejusce
569 4017 672 4098 capitis
686 4020 735 4086 54,
755 4021 800 4076 16.
832 4017 943 4096 Ἐπειδὴ
959 4019 987 4078 δὲ
1000 4017 1070 4080 πολι)
1084 4017 1219 4082 unsieu'ri
1228 4015 1308 4101 ἇῤῥεν

235 4095 284 4154 rori
301 4099 406 4174 θήλεος
424 4095 472 4156 τοῦ
490 4093 618 4174 elipande
633 4099 675 4174 η’ν,
690 4094 823 4177 ἐπέτρεψε
836 4097 883 4157 nul
896 4096 1076 4198 ἐξελευθὲρας
1093 4101 1147 4166 τοῖς
1167 4100 1309 4171 ἐθέλουσι,

235 4173 306 4252 πλὴν
320 4177 376 4234 uuir
390 4173 590 4252 βουλευόντων,
609 4173 879 4257 οἶγεσθαι,’ἕννομον
893 4195 940 4253 την
954 4175 1121 4238 uuunder
1135 4182 1226 4240 αὐτῶν
1240 4177 1309 4240 εἶναι

234 4249 382 4324 κελεύσας.
424 4253 483 4314 Ubi
498 4264 596 4313 tamen
609 4255 777 4334 interpretis
795 4259 900 4334 supina
912 4253 1047 4336 peremqln
1060 4260 1212 4320 vertentis.
1255 4261 1309 4330 Ae,

235 4335 366 4413 quonium
381 4335 496 4394 maseuli
505 4339 524 4378 i
534 4334 652 4414 patricii
663 4335 776 4414 generis
787 4355 932 4394 numerum
942 4335 1128 4414 patriciorum
1129 4339 1310 4417 foeminarum

272 4491 288 4524 ³⁹
304 4493 405 4542 Mirum
415 4500 438 4542 et
449 4501 540 4558 preter
552 4495 586 4558 id,
601 4495 663 4561 quud
673 4496 822 4560 pbilosophis
833 4497 920 4558 mum,
932 4510 1022 4558 usquue
1032 4498 1136 4546 motum.
1166 4499 1235 4557 Nom
1247 4513 1313 4561 pre·

237 4559 311 4622 pollet
320 4559 377 4623 fite
387 4575 457 4610 rmus
466 4561 567 4625 sequior.
996 4587 1000 4590 -
1051 4584 1055 4590 ·
