3034 4967
567 257 627 315 AD
650 255 809 314 ANNAL.
830 255 910 315 LlB.
931 255 987 316 111.
1250 259 1300 317 tt]

227 421 274 480 tit.
289 426 334 483 13.
344 433 440 482 totum
449 421 507 482 bac
518 432 634 483 aeterna
644 423 757 483 definiri
767 422 917 502 potuisset
930 421 1047 499 integer
1057 421 1299 481 exstaratmodo.

227 505 268 560 At
281 521 359 560 nunc
367 501 439 559 nihil
452 513 560 581 praeter
570 503 697 562 indicem
707 513 764 571 est,
775 504 826 562 De
835 501 945 569 calibe.
954 501 1024 561 orio
1034 499 1300 579 etmlitariapatre·

231 579 272 637 Et
281 581 408 657 quidem,
420 579 444 640 si
453 582 572 642 caelibes
580 582 652 640 nibil
664 582 846 659 acceperint,
854 581 897 640 uti
908 592 1033 649 certum,
1045 580 1132 640 orbos
1141 598 1301 639 semessem

229 658 375 731 habuisse,
388 660 535 720 solitarios
548 672 647 738 patres
660 663 803 738 majorem
813 660 940 739 aliquam
949 659 1125 738 portionem,
1139 660 1215 719 ratio
1228 679 1300 720 con·

228 750 327 800 sentrt.

269 897 385 956 (lirun
399 897 437 956 de
451 899 497 969 iis,
513 920 572 978 qua
587 897 725 978 conjuges
739 899 815 958 inter
826 917 856 957 te
870 897 997 975 capiunt,
1009 896 1105 954 adfine
1116 898 1215 976 priori.
1247 898 1302 958 Ul·

231 973 335 1055 pianus
348 977 394 1035 tit.
412 981 456 1039 15.
485 979 534 1037 Vir
546 988 573 1037 at
586 999 661 1038 uuor
673 980 749 1037 inter
758 998 788 1036 se
798 977 935 1036 decimam
946 977 1122 1037 matrimonii
1130 979 1240 1037 nomine
1253 999 1303 1037 aa·

227 1075 295 1136 pare
304 1066 431 1137 possunt.
453 1057 574 1125 Quodsi
585 1079 621 1118 ea
635 1058 692 1118 alia
703 1057 882 1116 matrimonio
891 1055 993 1115 liberae
1001 1058 1165 1134 superstites
1173 1055 1302 1129 ualeant,

225 1149 335 1212 prater
347 1137 496 1210 decimam,
509 1157 592 1216 quam
604 1137 776 1196 matrimonii
787 1135 898 1196 nomine
911 1137 1037 1216 capiunt,
1054 1135 1168 1196 totidem
1182 1136 1304 1196 decimae

227 1235 284 1292 pro
292 1236 406 1275 numero
418 1215 568 1276 liberorum
577 1217 734 1294 accipiunt.
754 1215 831 1274 Vide
844 1216 980 1274 eumdem
996 1214 1115 1292 Ulpian.
1127 1214 1175 1274 tit.
1186 1219 1231 1276 16.
1255 1217 1304 1277 De

230 1295 317 1354 solidi
328 1295 487 1376 capacitate
496 1298 570 1355 iuter
580 1297 669 1355 airum
681 1305 708 1354 et
718 1315 842 1355 unorum.
863 1293 983 1354 Caussae
993 1294 1071 1352 enim
1081 1306 1160 1364 sunt,
1171 1295 1304 1374 equibus

227 1373 358 1433 ‘solidum
367 1375 513 1432 interdum
525 1378 667 1454 conjuges
678 1375 799 1455 capiunt
810 1394 818 1441 ;
833 1393 906 1453 quas
916 1392 1017 1430 omnes
1028 1374 1108 1432 clare
1116 1374 1157 1432 ibi
1167 1385 1304 1432 recenset

232 1451 473 1512 iurisconsultus.
495 1454 708 1534 Respexithuc
717 1465 816 1514 orator
825 1465 925 1510 vetus:
942 1451 1250 1534 Placetergo,olegea
1258 1453 1304 1512 u·-

232 1529 427 1610 ingentissima
435 1533 555 1614 pudoris
571 1533 705 1604 eunoun,
720 1533 843 1593 decimas
856 1531 1000 1602 uxoribus,
1015 1543 1131 1611 quartas
1148 1533 1305 1593 meretrici·

233 1611 292 1682 bus,
305 1611 391 1671 dari.9
404 1611 572 1672 Decimaria
581 1613 674 1672 calex
685 1613 809 1674 sublata.
819 1612 918 1673 ΜΟ.
929 1612 966 1670 de
978 1612 1031 1670 ins.
1040 1632 1119 1690 poen.
1128 1613 1193 1672 cael.
1202 1625 1233 1671 et
1242 1614 1306 1672 orb:

273 1770 387 1830 Carur
402 1773 439 1830 de
454 1773 531 1832 ionia
543 1772 713 1832 libertorum.
735 1771 812 1830 Vide
824 1773 983 1852 Ulpianum
998 1771 1042 1829 tit.
1057 1771 1111 1830 ult.
1122 1783 1152 1830 et
1165 1772 1233 1829 inst.
1246 1771 1265 1829 Ι.
1277 1777 1307 1830 3.

232 1851 269 1910 L.
283 1855 311 1909 3.
326 1850 372 1910 tit.
392 1855 419 1910 8.
436 1851 472 1908 de
488 1871 615 1910 success.
629 1852 726 1909 libert.
767 1853 866 1928 Caput
880 1853 949 1909 item
961 1850 999 1906 de
1014 1849 1187 1908 liberatione
1202 1870 1307 1930 opera·

232 1948 317 1996 rum:
341 1933 426 2007 cujus
441 1930 531 1988 verba
544 1929 563 1988 l.
577 1932 626 1992 37.
647 1929 684 1988 de
699 1930 795 2008 operis
809 1929 905 1988 libert.

275 2089 389 2147 CArur
411 2087 609 2148 declinantia:
642 2105 700 2166 quo
721 2087 826 2147 modus
845 2086 998 2165 impositus
1020 2106 1121 2146 eorum
1148 2086 1308 2147 crebritati.

235 2167 322 2226 Clare
338 2167 480 2227 Suetonio
495 2166 642 2235 traditum,
658 2166 686 2223 in
699 2168 779 2244 Aug.
790 2171 838 2226 34.
858 2165 1307 2244 JuvataliquidQuinctilionus,

235 2248 284 2325 qni
296 2249 333 2304 de
343 2245 542 2324 quinquennio
555 2245 687 2322 suggerit
699 2247 727 2304 in
738 2245 901 2304 sterilitate.
937 2246 1082 2304 Themate
1094 2247 1229 2304 Declam
1242 2249 1308 2305 151.

236 2328 320 2386 Intra
333 2325 554 2403 quinquennium
564 2345 619 2382 non
628 2325 787 2404 parientem
801 2323 1054 2403 reymdiareliceat.
1081 2325 1197 2382 Eodem
1209 2325 1309 2417 capite

235 2405 335 2483 injusti
351 2404 465 2461 divortii
479 2423 591 2482 poeoae:
615 2415 646 2460 et
660 2415 692 2460 ut
705 2403 805 2462 dotem
816 2403 943 2472 amittat,
955 2406 1039 2540 cqjus
1053 2404 1140 2481 culpa
1151 2404 1309 2461 divortium

235 2484 358 2543 factum.
394 2483 498 2560 quue
513 2483 550 2539 de
565 2482 645 2551 dote,
656 2483 750 2539 multa
759 2485 788 2539 in
802 2483 968 2540 Comment.
1000 2481 1309 2540 urisconsultorumad

238 2563 358 2640 Papiam
367 2563 473 2639 legem.
484 2561 551 2618 vide
563 2563 582 2618 l.
595 2565 642 2622 64.
660 2562 756 2619 soluto
768 2561 962 2621 matrimonio.
990 2561 1083 2618 Plura
1098 2561 1309 2640 capitaomitto

237 2642 332 2700 sciens
341 2641 521 2718 volensque}
536 2642 604 2718 quia
618 2640 656 2698 ad
666 2641 843 2698 subtilitates
858 2642 956 2717 potius
967 2641 1040 2718 juris
1049 2641 1209 2719 pertinent,
1221 2659 1310 2719 quam

240 2721 439 2800 cognitionem
453 2719 645 2797 antiquitatis.

278 2879 355 2957 Ego,
370 2879 393 2936 si
414 2878 484 2958 quid
501 2877 530 2934 in
545 2877 589 2935 his
608 2877 775 2936 humanitus
794 2879 887 2947 omisi,
908 2881 1055 2946 cummisi3
1077 2880 1164 2948 adde,
1184 2879 1313 2956 corrige,

239 2958 371 3036 ignosce.
412 2957 490 3015 lllud
504 2975 621 3024 moneo,
637 2959 666 3012 in
680 2959 772 3016 veteri
784 2957 1000 3017 Pandectarum
1014 2959 1189 3016 Groecanico
1201 2958 1312 3027 indice,

239 3039 256 3098 J
261 3037 347 3095 uliam
362 3049 392 3096 et
410 3037 530 3114 Papiam
549 3035 610 3096 κατ’
625 3035 738 3116 ἐξοχὴν,
758 3048 789 3094 et
803 3037 872 3112 quia
889 3039 919 3093 in
937 3041 1003 3114 jure
1019 3038 1136 3114 plurimi
1158 3055 1238 3103 usne,
1259 3053 1312 3136 ap-

241 3116 342 3194 pellani
358 3115 455 3180 οἱπλῶς
468 3115 576 3191 Leges.
606 3117 650 3174 lta
664 3116 794 3173 iuvenies
809 3116 1000 3197 Mauptmami
1010 3117 1058 3172 Ad
1070 3114 1148 3194 leger
1162 3110 1264 3188 βιξλία
1273 3117 1315 3190 εξ.

238 3191 378 3275 Τερεντῖου
388 3191 546 3272 Κλήμεντος
556 3195 604 3252 Ad
615 3194 693 3272 leges
706 3191 808 3269 βιξλὶοο
817 3192 912 3254 εἴκοσι.
931 3193 1105 3276 Μαρκέλλου
1118 3195 1164 3252 Aa
1175 3192 1255 3270 leges
1267 3191 1315 3269 βο·

241 3272 314 3350 βλὶοο
327 3269 368 3350 ἕξ.
394 3273 478 3332 Γαΐου
491 3273 540 3330 An
553 3274 629 3350 legen
644 3271 745 3347 βοξλίοο
758 3273 914 3333 δεκάπεντε.
935 3274 1052 3333 Παύλου
1066 3273 1116 3330 Ad
1125 3270 1200 3352 leges
1214 3271 1317 3349 βοξλὲα

242 3353 318 3413 δέκα.
361 3351 520 3414 Οὐλπιανοῦ
535 3351 585 3409 Ad
598 3351 673 3430 leges
688 3347 896 3426 britinniacus.
915 3365 946 3411 et
959 3373 1033 3410 cave
1053 3353 1139 3410 aliter
1151 3351 1315 3429 acceperis,

244 3451 331 3511 quam
348 3432 384 3490 ad
403 3431 422 3489 J
427 3432 512 3490 uliam
531 3444 561 3488 et
578 3430 699 3506 Papiam
720 3431 813 3506 leges.
852 3436 1037 3508 Argumenta
1054 3431 1155 3490 clara:
1178 3431 1318 3509 quoniam

242 3524 273 3570 et
289 3530 428 3582 numerus
447 3511 587 3570 librorum
605 3509 668 3574 fere
688 3511 844 3579 convenit;
864 3521 895 3568 et
914 3530 1058 3589 nusquam
1076 3511 1096 3568 ii
1114 3511 1273 3588 scriptores
1287 3511 1318 3568 in

242 3590 401 3649 Pandectis
422 3589 593 3668 simpliciter
614 3589 652 3646 ad
673 3589 755 3666 leges
774 3588 942 3658 laudantur,
963 3591 1016 3648 sed
1037 3591 1074 3648 arl
1087 3591 1195 3650 Juliam
1214 3600 1245 3646 et
1259 3587 1317 3648 Pa-

242 3669 320 3747 piam
334 3669 448 3726 saltem.
490 3669 572 3728 Scies
594 3681 624 3725 et
644 3667 726 3736 illud,
748 3667 874 3727 valuisse
894 3669 947 3726 has
965 3669 1047 3746 leges
1068 3670 1106 3727 ad
1121 3667 1223 3726 Severi
1242 3668 1317 3747 lmp.

242 3767 346 3815 aevum,
359 3747 478 3824 quinon
490 3748 644 3826 abrogavit
658 3745 788 3836 quidem,
799 3747 853 3805 scd
864 3747 1025 3814 imminuit;
1038 3745 1167 3806 maxime
1177 3765 1212 3803 ea
1221 3746 1317 3822 parte,

243 3846 302 3906 qua
312 3825 369 3884 fuit
377 3826 414 3884 de
422 3827 578 3904 gignendis
589 3826 697 3884 liberis.
719 3824 945 3906 Tertull.Apol.
956 3831 984 3887 4.
1005 3825 1318 3887 Nonueetvauitsimas

242 3905 356 3986 Papias
369 3903 457 3983 legas,
472 3927 536 3986 quar
548 3919 615 3965 ante
629 3914 732 3984 cogunt
743 3906 969 3985 liberassumipi,
979 3928 1064 3984 quam
1074 3904 1167 3965 Julica
1175 3905 1318 3966 matrimo-

243 3986 322 4046 nium
336 3985 475 4055 contralti,
493 3999 559 4062 post
569 3995 659 4043 tauta
672 3985 850 4044 auctoritatis
862 3995 1030 4044 tenemutem
1044 3986 1104 4043 lteri
1118 3985 1239 4042 Severus
1252 4008 1319 4046 aon-

242 4065 432 4124 stantisaimuc
447 4065 617 4140 Principum
629 4061 774 4124 curiatii?
793 4065 953 4124 Caelibatus
965 4065 1072 4124 deinde
1086 4081 1190 4141 poenas
1201 4066 1320 4124 sustulit

245 4143 454 4216 Constantinus
469 4154 588 4220 propter
603 4143 791 4218 'Christianos-
800 4141 954 4226 παρθενίαν
971 4145 1020 4204 καὶ
1035 4140 1169 4204 alnauiiar
1188 4140 1233 4203 tm
1248 4143 1320 4208 Θεὸν

242 4221 406 4293 ἀσκοῦντας.
438 4223 547 4282 Euseb.
562 4223 590 4279 in
605 4224 666 4281 vita
680 4223 864 4282 Constantini
877 4231 908 4294 4,
924 4228 953 4293 2,
966 4227 995 4283 6.
1010 4235 1041 4282 et
1056 4225 1236 4282 Sozomenns
1254 4227 1284 4292 1⁴.
1292 4226 1320 4283 9.

244 4303 353 4381 carpsit
367 4301 499 4382 Papiam,
516 4315 545 4362 et
560 4301 588 4360 in
602 4314 687 4381 parte
702 4303 899 4373 Theodosium
918 4314 952 4361 ut
968 4302 1060 4389 habes
1074 4303 1094 4361 l.
1110 4308 1137 4363 l.
1150 4305 1183 4362 C.
1197 4301 1234 4360 de
1250 4303 1320 4381 jure
