3034 4967
223 229 281 287 1⁴2
551 226 582 286 J.
603 225 725 288 LIPSH
749 223 972 291 EXCURSUS

220 391 396 460 liberarum
416 402 448 452 et
471 390 569 452 Princi
591 394 749 454 assecuti.
802 393 864 455 Sed
883 414 951 469 nos,
971 397 1044 459 satis
1067 399 1237 479 exspatiari,
1258 403 1297 464 ad

220 471 313 532 lineas
326 472 492 542 redeamus,
506 489 546 551 qu
597 471 716 542 dicitur,
730 485 763 534 et
775 473 806 532 in
819 474 944 554 gradum
956 478 986 536 ὓ.

740 681 781 742 D.

645 839 737 900 cAP.
758 839 871 900 XXIX.

257 1001 395 1070 Orraon,
405 999 528 1078 Augusti
538 1010 568 1060 et
577 999 718 1078 deinceps
726 1020 801 1070 aevo,
810 997 900 1058 fuisse
910 1019 1018 1060 annum
1027 1001 1199 1080 vigesimum
1209 1005 1292 1084 quin·

215 1090 288 1149 tum,
299 1079 352 1140 sed
366 1077 566 1158 incipientem.
597 1076 765 1156 Vigesimus
775 1091 907 1158 quartus,
918 1077 1048 1160 inquam,
1063 1082 1201 1160 expletus
1215 1083 1291 1142 suffi-

215 1158 323 1220 ciebat.
363 1159 560 1236 Argumenta,
580 1157 660 1236 quod
679 1157 810 1218 Tiberius
827 1159 955 1230 Quaestor
967 1161 1044 1240 suit,
1060 1162 1291 1224 uomicesimum

212 1257 319 1300 aunum
332 1259 433 1318 agrum
444 1239 486 1296 ait
496 1235 627 1298 Velleius
637 1245 669 1308 2,
680 1241 728 1298 94.
736 1250 827 1318 atque
835 1237 884 1297 ille
894 1238 956 1318 ipse
969 1259 1029 1298 non
1038 1239 1093 1300 nisi
1101 1243 1291 1323 quinquennio

212 1318 352 1378 maturius
365 1339 450 1398 quam
459 1338 514 1396 per
526 1317 633 1396 Leges,
648 1325 681 1374 ut
692 1315 753 1376 Dio
766 1321 816 1391 53,
830 1319 879 1377 28.
895 1330 925 1376 et
939 1318 1061 1380 Tacitus
1074 1320 1173 1380 statim
1186 1334 1292 1384 notat:

212 1415 286 1475 ergo
299 1397 349 1456 ille
361 1395 508 1474 legitimus
519 1415 621 1458 annus.
635 1393 725 1456 Certe
735 1416 796 1456 uon
806 1397 900 1463 intra:
915 1415 946 1456 ar
969 1411 1089 1459 umento
1098 1399 1289 1466 Quinctiliani

210 1479 369 1537 verborum
386 1481 431 1546 12,
451 1480 478 1538 6.
501 1473 616 1548 Calvus,
641 1475 753 1546 Cesar,
773 1473 882 1547 Pollio,
902 1420 989 1537 mairo
1009 1491 1076 1539 onte
1099 1479 1288 1550 Quaestoriam

209 1577 301 1618 amors
314 1564 426 1616 atatem
442 1555 614 1636 grauissimo
624 1554 738 1634 judicia
751 1567 945 1638 susceperuut.
986 1555 1080 1648 Atqui
1094 1577 1171 1617 anno
1190 1581 1246 1619 uno
1259 1570 1288 1619 et

209 1633 346 1715 vigesimo
364 1637 464 1697 Cesar
478 1633 670 1705 Dolabellam,
686 1634 776 1696 altero
795 1646 823 1696 et
841 1636 978 1714 vigesimo
998 1637 1112 1697 Amnius
1133 1635 1230 1698 Pollio
1253 1638 1289 1701 C.

210 1715 356 1788 Catonem,
371 1737 426 1776 noo
435 1713 521 1776 multo
532 1716 787 1776 oetoteorsteaedeos
798 1715 905 1776 Caluus
921 1715 1059 1776 Vatinium
1069 1716 1105 1776 iis
1114 1717 1287 1780 orationibus

206 1795 326 1858 imecurt
337 1805 413 1867 suut,
462 1815 495 1854 os
508 1793 642 1876 hodieque
656 1817 719 1856 oum
728 1795 918 1855 admiratione
930 1795 1055 1876 legimus,
1069 1795 1111 1854 ait
1120 1795 1199 1853 idern
1213 1797 1286 1854 scri-

206 1887 275 1955 ptor
283 1873 313 1934 in
322 1874 400 1936 Dinl.
432 1893 449 1934 e
461 1873 545 1935 Orat.
556 1877 604 1934 st.
619 1877 648 1934 N
650 1894 685 1936 ec
695 1874 822 1934 multum
833 1875 921 1942 citrum
934 1875 1003 1953 quia
1012 1873 1129 1952 reperio
1140 1873 1285 1934 Catonem

205 1955 349 2034 vigesimo
369 1974 449 2016 nono
469 1954 576 2024 atatim
591 1953 764 2014 Gracchum
783 1954 925 2032 vigesimo
943 1954 1081 2032 septimo,
1099 1955 1284 2019 Quantum

205 2034 342 2113 gessisse.
383 2033 471 2094 Plinii
486 2033 570 2092 locus
585 2044 640 2100 est,
653 2032 703 2110 qui
717 2032 1006 2109 vigesimasecunda
1019 2032 1172 2092 adstruere
1186 2033 1283 2092 videa-

205 2128 264 2186 tur,
277 2113 317 2174 ad
330 2115 490 2192 Traianum
504 2111 530 2168 E
554 2151 562 2168 .
577 2115 624 2180 10,
638 2115 677 2170 80
694 2113 775 2186 (83).
807 2111 928 2170 Cautum
940 2122 992 2180 ert,
1008 2109 1128 2182 domiue,
1144 2112 1282 2191 Pompeia

203 2193 269 2272 lege
282 2191 380 2272 nequis
398 2192 492 2272 capiat
504 2191 529 2248 lt
540 2190 722 2269 agistratum,
743 2190 861 2250 neverit
874 2189 904 2247 iu
921 2189 1027 2248 Senatu
1040 2189 1132 2251 minor
1146 2213 1282 2252 oouorum

204 2273 305 2334 XXX.
340 2271 472 2330 Secutum
482 2277 523 2328 ost
532 2269 597 2328 dein
610 2269 729 2330 edictum
743 2269 785 2328 D.
799 2269 939 2346 Augusti,
953 2289 1008 2348 quo
1016 2269 1151 2348 permisit
1163 2271 1281 2331 minores

204 2351 400 2432 Magistratus
410 2350 445 2410 ab
454 2349 538 2408 aunis
551 2347 658 2408 duobus
671 2363 699 2408 er
711 2345 816 2428 uiginti
828 2368 927 2429 capere
936 2374 947 2406 .·
968 2347 1031 2418 sed,
1043 2367 1111 2408 cum
1124 2350 1148 2409 is
1161 2353 1198 2410 ad
1211 2371 1280 2430 pro-

203 2431 314 2492 vincias
328 2441 358 2490 et
372 2429 491 2510 proprie
505 2430 543 2490 sd
562 2427 730 2508 Bithyniam
744 2439 874 2506 spectet,
889 2425 960 2484 nihil
974 2437 1066 2490 muto.
1107 2428 1196 2496 Quod
1210 2450 1280 2489 vero

202 2511 313 2572 diserte
326 2509 451 2568 finierim
464 2508 638 2586 vigesimum
653 2507 800 2586 quintum,
819 2506 934 2564 inducit
948 2525 995 2564 me
1012 2508 1072 2566 Dio
1092 2512 1142 2580 52,
1156 2511 1206 2568 20.
1229 2509 1279 2587 qui

202 2610 242 2650 ex
257 2589 379 2648 decreto
393 2587 568 2646 Mmcenatis
585 2587 680 2722 (puori
697 2596 818 2644 secutus
836 2585 916 2644 baud
937 2584 1026 2643 dubie
1045 2588 1154 2659 Caesar,
1171 2599 1232 2658 ant,
1245 2599 1279 2646 ut

201 2668 306 2728 melius
327 2666 435 2738 dicam,
451 2685 601 2727 accommo
624 2677 673 2726 ata
685 2686 703 2724 a
717 2663 816 2723 Dione
836 2675 901 2723 tota
920 2665 1014 2723 oratio
1036 2663 1085 2726 illa
1103 2667 1141 2727 ad
1155 2667 1278 2726 formam

202 2747 389 2827 Reipublicae
416 2747 603 2824 Augustaeae)
635 2743 796 2804 Senatoriae
818 2742 900 2804 aetati
923 2743 1026 2803 definit
1052 2765 1159 2804 annum
1182 2747 1278 2807 XXV.

201 2829 360 2894 Quaestura
369 2835 469 2885 autern
481 2824 593 2962 primus
606 2823 715 2902 gradus
729 2823 759 2880 in
774 2822 931 2881 Senatum:
946 2823 1175 2903 illaergoetiam
1188 2827 1279 2890 Quae·

199 2897 291 2968 storia
303 2919 385 2970 etas.
425 2903 479 2965 Col
491 2903 554 2983 igas
568 2914 598 2964 et
611 2924 670 2962 non
685 2903 811 2962 obscure
824 2901 903 2962 idem
915 2923 956 2962 ex
970 2903 990 2964 l.
1008 2908 1033 2965 l.
1045 2906 1094 2963 De
1108 2903 1278 2964 minoribus.

723 3111 759 3168 n.

635 3269 725 3328 cnr.
744 3268 856 3355 xxxi

238 3429 328 3490 Omns
345 3429 523 3492 Censoribus
536 3427 649 3488 viarum
664 3447 744 3490 cura.
772 3429 882 3489 Cicero
895 3427 933 3487 de
947 3427 1078 3508 Legibus
1093 3435 1124 3501 3,
1138 3435 1166 3490 3.
1199 3431 1272 3491 Uen·

196 3533 271 3573 sores
285 3511 364 3571 urbis
377 3508 491 3592 templa,
505 3507 575 3580 uias,
585 3529 684 3590 equor,
698 3509 844 3579 cerarium,
853 3507 1134 3588 motigaliutrreotor.
1153 3509 1273 3569 Deinde

195 3589 399 3660 Quattuorviri
412 3586 549 3657 instituti,
563 3607 687 3668 quorum
700 3588 820 3668 proprie
834 3587 864 3646 id
878 3606 993 3647 munus.
1034 3588 1213 3667 Pomponius
1222 3589 1272 3647 De

195 3671 269 3750 orig.
281 3669 365 3750 juris,
381 3677 406 3747 t.
420 3673 469 3729 30.
509 3667 618 3728 Eodem
630 3677 753 3748 tempore
766 3681 796 3728 ct
812 3667 1018 3745 Quattuomiri,
1039 3668 1089 3747 qui
1100 3687 1197 3727 curam
1210 3668 1269 3727 oio·

193 3772 259 3812 rum
267 3760 414 3832 gererent,
422 3747 586 3808 constituti.-
602 3759 718 3826 tempus
727 3745 876 3824 intelligit,
887 3749 954 3824 post'
964 3757 1097 3805 creatum
1110 3748 1272 3808 Praetorem

192 3831 392 3912 peregrinum,
404 3827 454 3908 qui
462 3825 519 3884 suit
530 3845 623 3886 annus
637 3825 717 3885 urbis
728 3829 798 3886 510.
837 3824 861 3882 li
872 3824 1008 3883 videntur
1017 3845 1035 3884 a
1043 3826 1177 3886 Varrone
1187 3825 1223 3885 L.
1234 3828 1272 3885 L.

192 3915 224 3982 4,
238 3914 287 3970 32.
300 3929 360 3968 non
374 3908 549 3968 inconcinne
564 3905 635 3964 dicti
651 3905 772 3964 Viocuri
781 3907 814 3982 †.
845 3904 967 3984 Antiqui
982 3922 1054 3982 ergo
1068 3907 1270 3971 Quattuorriri

224 4053 366 4116 ''Doctede
381 4051 674 4118 nutegeegitmoru.
692 4049 955 4115 flmsoampoesturt
972 4048 1269 4100 mammam

192 4117 303 4249 imm
313 4183 339 4232 in
351 4144 456 4233 Vairoue
465 4183 551 4248 legitur
562 4183 684 4232 Publilius
695 4182 763 4231 uicus
770 4186 793 4230 rt
805 4182 1016 4240 correcturarum,
1027 4182 1089 4243 quod
1099 4182 1127 4227 ab
1137 4180 1187 4229 bair
1196 4182 1270 4228 vireis

188 4247 333 4325 (AEdilibus)
344 4251 459 4298 dtemrtor
471 4249 591 4313 oedfficotl,
603 4247 730 4298 Turnebus
739 4246 765 4296 in
776 4245 872 4314 antiquo
885 4245 961 4297 codiee
969 4245 1061 4296 invenit
1070 4246 1099 4295 at
1109 4245 1148 4298 loir
1156 4246 1269 4307 omcurlr,

185 4315 250 4381 quod
260 4313 364 4380 Scaliger
372 4312 482 4377 reposuit
