3034 4967
576 427 602 512 J
613 430 748 512 US'FI
778 429 959 512 LIPSII

642 617 896 682 excussus

499 877 1138 974 ANNALIUM¹

680 1051 760 1112 LIB.
781 1052 866 1112 XIII.

753 1297 792 1353 Α.
896 1351 900 1359 ,

700 1424 793 1484 CAP.
813 1424 853 1482 II.

275 1553 421 1612 Fortunas
445 1549 549 1609 dandae
569 1561 688 1609 tesserae
709 1551 907 1630 petendaeque
927 1553 958 1610 in
976 1563 1061 1632 parte
1081 1554 1228 1630 expressit
1247 1557 1310 1634 Ap·

234 1634 338 1714 planus
353 1632 416 1692 civ.
432 1635 460 1698 5,
475 1633 523 1690 46.
564 1628 619 1688 Kal
634 1629 783 1700 ὁΛεύκιις,
805 1631 911 1709 inquit,
933 1631 1042 1711 ἔπεμψε
1055 1630 1118 1700 τούς
1134 1634 1308 1733 χιλιάςχους

233 1711 264 1774 ri
278 1708 411 1790 σύνθημα
424 1710 465 1790 τῷ
479 1708 590 1790 στρατῷ
608 1707 781 1787 ληψομένους
798 1709 875 1792 nepai
893 1711 942 1771 roi
958 1709 1106 1792 Καὲσαρος.
1126 1713 1149 1770 ui
1168 1711 1197 1769 δὲ
1216 1728 1308 1793 suspen

235 1789 314 1873 αὐτῷ
325 1789 371 1850 τόι
384 1785 503 1874 ἀριθμὸν
518 1786 566 1846 rori
581 1787 708 1869 στρατοῦ,
727 1789 804 1850 aurei
816 1789 863 1849 nul
878 1791 923 1850 rrir
942 1789 1005 1858 ἔθις
1024 1790 1092 1860 ἐστὶ,
1113 1787 1159 1849 rir
1178 1791 1309 1853 αἰτοῦντα

235 1875 266 1932 τὸ
288 1867 421 1948 σύνθημα
438 1865 597 1950 χιλίαρχον
620 1865 764 1928 ἐπιδιδόναι
784 1868 825 1949 τῷ
846 1869 966 1945 βασιλεῖ
980 1866 1090 1945 listulas
1109 1866 1246 1950 ἐφήμερον
1263 1871 1312 1930 τοῦ

235 1949 359 2032 ἀριθμοῦ
370 1948 417 2008 τοῦ
429 1946 571 2030 παρόντος.
612 1948 714 2039 Atque
731 1948 801 2005 olim
816 1969 853 2007 ea
870 1948 940 2007 data
953 1948 1070 2006 videtur
1084 1949 1147 2006 sine
1161 1968 1246 2018 voce,
1265 1948 1309 2006 in-

236 2029 349 2107 scripta
361 2026 408 2084 vel
422 2025 569 2104 insculpta
588 2025 669 2086 brevr
684 2026 764 2104 ligno
775 2053 784 2099 3
808 2027 887 2084 unde
907 2039 1028 2086 tesserae
1046 2046 1171 2085 nomen:
1193 2027 1231 2085 de
1250 2047 1309 2105 quo

236 2107 392 2188 Polybium
406 2105 454 2164 adi
470 2109 497 2173 6,
508 2109 558 2165 33.
580 2103 640 2163 Sub
653 2105 748 2182 Impp.
759 2107 862 2164 vocale
877 2104 907 2161 id
921 2105 1046 2182 signum.
1081 2107 1202 2164 Dabant
1212 2118 1309 2165 autem

236 2188 411 2266 plerumque
422 2184 540 2242 nomina
551 2183 696 2252 Deorum,
709 2195 761 2241 aut
774 2185 897 2243 heroum
909 2208 916 2241 ε
933 2183 1022 2242 etiam
1031 2184 1142 2243 Graeci.
1154 2187 1310 2244 Pausanias

241 2270 286 2335 10,
305 2271 330 2325 I.
353 2263 425 2322 Gara
445 2264 583 2341 utrimque
603 2283 621 2321 a
641 2263 773 2322 Ducibus
793 2264 828 2322 de
847 2283 921 2322 mere
941 2262 1025 2322 militi
1039 2277 1154 2322 tesserae
1166 2265 1311 2331 darentur,

230 2344 359 2427 fortuitu
382 2343 421 2402 ad
445 2342 552 2402 oraculi
573 2342 658 2401 nerlu
681 2344 819 2421 apposita
837 2341 912 2400 datu
931 2355 1003 2413 sunt,
1025 2363 1043 2400 a
1062 2344 1204 2402 Thessalis
1218 2343 1311 2401 Itonia

238 2425 382 2494 Minerua,
402 2443 420 2481 a
442 2421 631 2482 Ploeensibus
651 2421 743 2501 gentis
768 2434 865 2482 auctor
883 2422 1007 2481 Plutus.
1047 2422 1143 2481 Etiam
1163 2424 1266 2490 Persa,
1287 2421 1311 2478 si

237 2502 433 2581 Xenophonti
447 2499 520 2559 fides
536 2504 563 2570 7,
581 2505 607 2559 l.
637 2495 782 2569 Παιδείας.
798 2512 828 2559 et
841 2506 870 2570 3,
886 2505 914 2560 3.
929 2501 978 2558 ubi
992 2519 1010 2558 a
1025 2500 1105 2580 Cyro
1119 2512 1230 2560 tessera
1244 2502 1313 2558 dara

238 2581 310 2653 Zei5
330 2580 487 2662 σύμμαχος
507 2579 554 2639 nui
574 2577 696 2659 ἡγεμών·
718 2591 770 2638 aut
790 2578 859 2648 st5
878 2580 978 2661 σωτήρ.
1019 2579 1153 2638 Suetonii
1173 2579 1231 2638 Ioci
1251 2579 1314 2637 bini

238 2682 298 2720 non
310 2662 372 2718 sani
381 2661 410 2717 in
420 2660 477 2718 hac
487 2675 536 2717 re:
551 2658 693 2718 alterCal.
703 2662 751 2718 58.
779 2660 910 2737 Signum,
921 2660 972 2729 ait,
984 2679 1060 2718 more
1072 2659 1181 2718 militia>
1187 2658 1311 2736 petisse:

238 2755 278 2812 et,
301 2740 370 2799 Caio
390 2741 490 2800 Jonem
510 2737 603 2806 dante,
628 2737 776 2797 Clarenm
796 2737 979 2808 eudemum,
1000 2739 1112 2817 Aesim
1128 2750 1240 2809 rutum,·
1262 2739 1313 2796 ubi

238 2821 362 2880 restituo
372 2816 550 2894 magnanimi
561 2815 614 2874 viri
626 2835 730 2876 vocem
740 2817 840 2875 littera
853 2817 963 2884 addita,
975 2819 1082 2895 Accipe
1096 2819 1198 2876 iratum
1207 2823 1237 2877 st.
1262 2817 1315 2875 ΑΙ-

239 2910 285 2959 ter
299 2903 348 2958 56.
381 2896 490 2956 Solitas
503 2896 584 2955 modo
597 2894 708 2976 signum
717 2898 839 2974 petenti,
855 2898 998 2978 Priapum
1012 2907 1061 2955 aut
1081 2898 1213 2954 Venerem
1228 2897 1315 2965 dare;

239 2978 320 3038 medo
341 2976 521 3036 esuriendam
544 2977 657 3034 manum
681 2979 782 3054 afferre
796 2977 955 3056 formatam
978 2985 1195 3052 commotumque
1218 2975 1246 3031 in
1268 2976 1315 3032 ob-

239 3079 350 3118 scenum
379 3055 497 3115 modum.
544 3055 628 3114 Libri
649 3066 721 3113 vett.
749 3054 970 3134 nummumque,
995 3068 1054 3123 aut,
1081 3065 1315 3132 commotumque,

238 3137 345 3206 scribo,
364 3147 602 3214 gemmatumque.
642 3133 801 3192 Gammata
821 3153 934 3207 manuS,
955 3134 1071 3192 insertis
1085 3133 1314 3211 commixtisque

240 3215 339 3292 digitis
360 3215 397 3272 ad
419 3214 543 3272 formam
565 3216 628 3290 ejus
649 3212 775 3271 litterae:
798 3213 848 3291 qui
867 3233 931 3272 mos
945 3213 976 3270 in
990 3213 1076 3272 Italia
1090 3223 1120 3271 et
1134 3232 1222 3272 nunc.
1264 3212 1314 3269 Sic

240 3293 353 3370 Iapides
374 3292 523 3382 gemmati,
546 3311 605 3349 non
624 3291 719 3348 solum
743 3291 792 3368 qui
817 3292 994 3370 insculptum
1016 3306 1133 3370 gamma
1155 3292 1313 3356 habebant,

240 3371 294 3430 sed
304 3372 354 3448 qui
365 3371 479 3428 literam
492 3389 557 3428 eam
568 3368 774 3447 exprimebant
785 3371 951 3429 transversi.
983 3370 1117 3448 Scriptor
1128 3369 1315 3430 Gramaticus
1418 3380 1422 3386 '

244 3451 257 3529 (
261 3470 309 3527 ap.
323 3451 403 3508 Goes.
414 3469 443 3526 p.
455 3450 522 3507 228.
537 3452 604 3508 255.
618 3451 701 3524 309.)
739 3447 839 3508 Solent
853 3450 963 3509 termini
977 3471 1131 3520 occurrere,
1144 3450 1194 3528 qui
1208 3449 1315 3544 lapides

242 3543 299 3588 tum
315 3527 455 3606 longiores
468 3541 543 3600 sunt,
557 3549 641 3607 quam
655 3528 704 3605 qni
717 3529 831 3588 latiores
847 3529 996 3606 sequendi:
1018 3529 1071 3589 loe
1084 3538 1136 3595 est,
1150 3542 1200 3588 aut
1212 3549 1236 3586 ιι
1251 3549 1315 3586 cur·

239 3630 302 3668 sum
313 3609 441 3684 dirigunt
454 3607 583 3679 lineares,
595 3619 645 3666 aut
657 3608 682 3665 si
692 3609 929 3688 gummasneiunt
940 3610 1100 3668 transversi.
1132 3607 1216 3665 Malo
1226 3607 1315 3664 etiam

240 3689 271 3746 in
295 3687 428 3748 Suetonii
452 3685 558 3756 verbis,
584 3688 730 3746 obscenum
753 3689 867 3754 nodum,
895 3706 983 3765 quam
1006 3682 1129 3748 modum.
1170 3686 1253 3745 Facit
1277 3685 1317 3743 ad

240 3767 338 3827 lucem
353 3765 468 3824 infamis
481 3765 569 3843 huJ’us
583 3765 659 3843 signi
673 3766 832 3844 Lampridii
847 3765 931 3824 Iocus
946 3766 1111 3844 Elagabalo
1128 3769 1173 3824 10.
1214 3765 1317 3842 Neque

239 3867 373 3926 amquam
399 3844 487 3904 uerbis
509 3846 641 3923 pepercit
665 3846 827 3924 infamibus,
855 3865 916 3903 cum
939 3842 1091 3925 et⁸digitis
1112 3844 1318 3922 impudicitiam

239 3934 403 3994 ostentaret,
426 3943 477 3983 nec
496 3924 620 3983 ullus-in
646 3938 779 3984 conuentu
801 3938 830 3983 et
850 3925 983 3983 audiente
998 3927 1106 4003 populo
1127 3937 1198 3983 estet
1212 3923 1318 4002 pudor.

243 4003 325 4063 Scies
339 4003 472 4082 amplius,
489 4014 524 4061 tu
537 4004 603 4072 tiro,
625 4013 765 4062 tesseram
780 4003 927 4081 duplicem
942 4002 1048 4062 fuisset
1072 4023 1169 4071 unam,
1190 4022 1257 4080 quae
1279 4002 1318 4061 ad

242 4082 402 4149 excubias;
423 4083 556 4151 alteram,
579 4102 646 4160 quae
669 4083 706 4140 ad
728 4101 867 4160 pugnam.
908 4083 956 4140 De
972 4092 1121 4160 postrema
1135 4081 1260 4139 Tacitus
1276 4083 1318 4140 H.

241 4166 278 4229 3‚·
287 4165 334 4219 22.
366 4161 480 4220 Eadem
493 4175 611 4238 utraque
625 4160 687 4220 acie
701 4182 800 4220 arma:
824 4162 928 4220 crebris
942 4159 1207 4238 interrogationibus
1221 4173 1318 4220 notum

238 4247 347 4319 pugna
358 4240 476 4318 signum.

274 4399 287 4429 '
306 4399 413 4446 Solemus
429 4399 501 4458 enim,
518 4398 602 4459 quibat
618 4399 678 4448 male
690 4413 820 4462 precamur
836 4402 989 4462 dissimasque
998 4399 1105 4464 sactum,
1121 4403 1209 4449 Jovcm
1225 4401 1320 4448 iratum

241 4468 330 4534 optaret
