3034 4967
518 264 575 322 De
596 260 844 323 verensium
867 256 1056 320 IMPERIO.
1255 256 1317 321 207

251 427 299 495 10,
319 432 351 479 et
363 420 403 479 ibi
417 420 511 480 dicta:
534 418 562 475 in
578 419 795 497 adoptionibus,
817 418 914 479 Tacit.
935 418 975 479 Η.
993 414 1018 485 l,
1036 419 1082 475 15.
1104 414 1153 473 ubi
1172 414 1248 492 legis
1262 430 1316 473 eu·

248 500 331 557 riatae
343 501 462 558 mentio.
480 519 486 530 ·
501 497 582 573 Ergo
596 499 685 556 etiam
698 509 766 575 post
780 498 836 557 SC.
849 496 887 555 de
901 496 1024 589 irnperio
1032 492 1187 571 Principis,
1200 490 1316 583 videtur

249 577 288 635 de
301 577 406 635 eadent
420 596 450 635 re
464 577 514 634 lex
529 575 654 641 curiata,
666 576 840 653 usurpanda
859 587 967 634 reterre
986 570 1134 631 memorie
1146 583 1177 630 et
1190 572 1316 629 solenni·

248 654 317 713 tetis
331 674 444 725 camna,
458 666 562 730 rogate
575 665 607 711 et
618 653 700 712 facta
711 672 792 712 esse:
815 654 853 712 de
868 672 927 732 quo
940 652 1016 711 infra
1027 650 1114 729 plura
1127 650 1268 709 dicemus.

289 810 348 869 Sed
362 810 420 868 elie
433 808 587 868 difficultas
600 809 732 868 exoritur
744 809 784 867 de
798 808 934 877 comitiis,
948 826 988 866 ex
1002 807 1100 885 capite
1113 818 1219 886 quarto
1231 807 1317 885 legis,

178 943 182 952 ,
250 907 309 966 quo
324 898 455 956 cavetur,
470 899 504 945 ut
521 885 727 965 quibrerruuque
738 887 857 946 comitiis
876 906 978 946 eorum
996 898 1081 943 extra
1094 883 1227 944 ordinem
1241 887 1316 943 ratio

249 967 405 1035 habeatur,
418 966 469 1043 qui
480 964 602 1023 Senatui
609 966 778 1045 Populoqee
789 964 920 1025 Roman
934 960 1129 1023 commendati
1141 962 1199 1023 sint
1207 980 1226 1021 n
1234 962 1316 1023 Prin-

251 1045 329 1122 cipe,
370 1043 515 1121 uihruque
531 1046 763 1123 effugationem
780 1044 896 1114 dederit,
906 1041 1071 1120 promiserit.
1094 1044 1163 1101 Non
1179 1059 1317 1119 queram,

252 1141 341 1200 quam
350 1062 432 1181 dene
445 1122 561 1180 dicatrn
573 1123 808 1203 suffragationem
828 1123 900 1181 dore
917 1142 1008 1190 num,
1022 1118 1072 1198 qui
1092 1119 1192 1189 aciem,
1210 1122 1318 1200 suffro-

247 1202 327 1279 gu‘uur
339 1200 417 1268 dure,
430 1218 496 1258 esse
508 1211 687 1277 potestatem
699 1199 830 1278 suffragii
844 1199 932 1259 alicui
945 1200 1026 1269 dare,
1037 1216 1097 1257 nun
1110 1196 1249 1275 suffragio
1263 1216 1318 1256 suo

252 1297 354 1337 creare
361 1296 470 1355 quem,
484 1293 603 1337 necem
609 1276 742 1336 additum
752 1278 802 1349 sit,
811 1277 994 1358 promiserim
1011 1294 1064 1335 cur
1075 1276 1148 1335 dicit
1157 1276 1317 1353 legislator,

251 1356 405 1435 quiduseun
468 1357 589 1416 wmreiir
595 1378 609 1424 ,⁰
623 1374 771 1427 cumnou,
779 1367 899 1425 utente,
909 1355 1081 1425 centuriata,
1089 1354 1318 1422 tributaessent,

251 1436 416 1512 quibusve
447 1438 585 1511 majores,
604 1435 653 1493 rei
671 1434 798 1494 minores
817 1432 943 1493 honores
964 1444 1152 1511 peterentur5
1185 1448 1238 1491 eur
1255 1432 1318 1491 Po·

245 1516 373 1593 preloque
382 1514 520 1582 Rursum,
531 1531 648 1591 cumpo
670 1510 1321 1591 uliinureendo‚honoribusqueruandsndis,

251 1592 594 1670 nullatumparsesset.
663 1590 686 1648 ‘s
699 1591 788 1649 rebus
800 1591 844 1650 sic
863 1591 980 1650 occurri
993 1601 1101 1668 potest.
1142 1588 1249 1654 Primo,
1263 1589 1318 1646 etsi

251 1669 496 1747 comitissaeque
505 1669 575 1728 olim
583 1668 679 1739 fuere,
686 1668 803 1727 sublata
811 1681 904 1737 erant,
910 1680 1008 1727 nmen
1016 1684 1123 1726 nomen
1134 1663 1320 1725 comitiorum

252 1748 376 1815 mensite
392 1748 473 1805 unde
483 1764 587 1805 eorum
600 1748 690 1806 etiarn
703 1748 784 1823 apud
793 1747 921 1806 Plinium
930 1747 960 1805 in
972 1746 1082 1822 Paneg.
1093 1764 1120 1804 e.
1135 1748 1182 1807 64.
1198 1744 1320 1813 mentio,

254 1837 286 1883 et
295 1825 376 1903 apud
388 1824 526 1883 Tacitum
537 1825 599 1882 vid.
613 1828 653 1883 Α.
667 1826 753 1894 1,et.
774 1828 804 1893 t,
816 1829 863 1885 96.
889 1835 948 1883 eto.
971 1828 1028 1883 hoe
1047 1838 1145 1881 temen
1166 1822 1265 1889 modo,
1288 1832 1321 1880 ut

253 1923 313 1961 non
330 1901 455 1980 amplius
475 1921 491 1959 e
514 1902 607 1960 itheta
628 1912 731 1959 vetera
747 1903 903 1970 heberent,
924 1902 1146 1978 centuriataque
1165 1910 1195 1956 et
1211 1900 1322 1959 tributa

254 1981 435 2049 dicerentur,
448 1997 482 2038 se
512 1980 737 2059 Magistrutuum
748 1980 861 2039 comitia
870 1982 945 2048 M),
960 1982 1008 2039 36.
1050 1975 1218 2037 Consulart'a
1235 1980 1261 2045 1,
1272 1982 1320 2037 81.

256 2070 314 2119 etc.
355 2058 437 2134 Ergo
450 2057 658 2136 quibuscunque
672 2058 790 2117 comitiis
808 2076 872 2115 esse
890 2068 1001 2135 potest,
1021 2056 1051 2113 in
1069 2054 1203 2113 omnibus
1222 2056 1322 2133 Megi-

254 2137 394 2195 stratihus
404 2135 555 2209 creandis3
578 2136 757 2213 quicumque
771 2136 890 2195 meandi
901 2147 987 2193 erunt
998 2133 1193 2211 magistratus.
1232 2134 1321 2197 Quod

257 2216 364 2273 deinde
377 2213 483 2291 Populi
494 2215 605 2273 mentio
618 2214 748 2283 additur,
762 2214 791 2273 id
806 2214 839 2280 fit
855 2224 986 2273 evetere
998 2211 1133 2280 formula,
1148 2212 1179 2270 S.
1187 2210 1225 2271 P.
1240 2214 1276 2289 Q.
1285 2216 1321 2271 tt.

258 2314 323 2369 quae
337 2303 368 2351 et
383 2291 412 2348 in
425 2291 489 2349 aliis
502 2292 591 2350 rebus
605 2303 650 2350 est
663 2304 788 2361 servata,
803 2292 915 2350 etiamsi
930 2291 967 2350 ed
980 2291 1073 2349 solum
1087 2289 1238 2360 Senatum,
1250 2291 1320 2347 nihil

177 2440 182 2449 Ι
256 2371 294 2428 ad
313 2368 454 2448 populum
470 2370 664 2445 pertinerent,
681 2368 760 2429 sicut
779 2370 860 2447 apud
880 2369 1054 2429 Ciceronem
1075 2367 1114 2426 de
1131 2366 1206 2444 Leg.
1226 2370 1321 2439 nro.

258 2448 396 2507 dicuntur
402 2446 517 2522 judicia
534 2445 640 2525 Populi
654 2466 700 2516 ea,
714 2466 779 2525 quae
792 2448 870 2525 apud
886 2446 1030 2507 Ptaetore's
1044 2458 1230 2516 exercentur,
1242 2446 1324 2525 quod

258 2525 538 2602 eoolimubipsopo
560 2526 610 2583 ulo
620 2525 963 2596 exereitafuerant,ente
970 2521 1147 2603 questiones
1154 2537 1323 2602 pumenius.

260 2604 319 2662 Sed
333 2615 434 2663 cetere
446 2622 487 2662 ex
500 2546 603 2662 ordine
616 2603 747 2681 capitum
759 2620 980 2683 persequemur.

297 2764 368 2896 qu.
382 2760 406 2819 1.
421 2778 492 2835 ergo
505 2758 616 2836 aliquid
627 2758 792 2819 insolentiae
804 2759 905 2831 hebet,
915 2758 995 2837 quod
1005 2756 1140 2825 Tiberius
1150 2763 1222 2838 lmp.
1233 2778 1322 2820 voca-

258 2851 306 2895 tur
352 2838 384 2898 tt.
405 2838 467 2897 Jut.
487 2838 595 2904 Coesur,
615 2855 683 2895 cum
702 2836 773 2895 alias
792 2837 822 2893 in
841 2836 1035 2896 monumentis
1055 2838 1181 2929 antiquis
1199 2850 1322 2897 vocetur

149 2962 152 2967 .
262 2916 393 2976 Tiberius
409 2918 487 2993 Aug.
510 2917 545 2973 F.
586 2913 693 2991 Neque
717 2912 861 2992 Ryckiur,
884 2932 956 2973 eum
977 2914 1016 2972 ed
1040 2916 1217 2975 breviarium
1237 2916 1272 2976 L.
1297 2918 1321 2975 i.

260 2994 427 3062 Annalium,
446 3012 500 3071 pro
520 2992 653 3068 vulgato,
672 2992 790 3053 Nerone
812 2992 933 3051 Claudio
954 2992 1050 3051 &uso
1075 2995 1199 3063 Ccesore,
1218 2996 1324 3053 reseri-

224 3085 228 3091 ’
259 3071 365 3149 psisset
384 3071 417 3130 0.
431 3070 514 3131 Jutio
524 3070 624 3129 Druso
633 3070 758 3140 Cerere,
772 3070 867 3149 (quod
881 3088 971 3148 quere
987 3088 1047 3127 non
1061 3071 1190 3130 imitatus
1203 3072 1268 3141 sim,
1281 3072 1324 3131 ibi

261 3150 365 3224 domi)
378 3150 597 3226 laborumque,
610 3158 644 3206 ut
655 3148 728 3208 huic
739 3168 802 3208 sure
813 3146 989 3207 correctioni
1003 3148 1132 3207 colorem
1142 3147 1269 3228 aliquem
1279 3151 1327 3208 in·-

259 3227 396 3296 duceret,
416 3226 509 3284 ullum
530 3226 684 3304 antiquum
708 3228 921 3285 monimentum
943 3225 1046 3285 efferre
1068 3227 1175 3305 potuit,
1201 3224 1249 3286 ubi
1273 3228 1324 3288 illo

260 3306 387 3375 Drusus,
402 3305 429 3363 T
430 3304 514 3364 iberii
526 3302 613 3374 filius,
627 3303 660 3362 0.
677 3303 776 3365 Julius
789 3305 946 3364 diceretur.
972 3306 1061 3373 Nem,
1076 3306 1157 3383 quod
1170 3322 1209 3365 etr
1223 3306 1328 3367 indice

260 3382 420 3445 Consulum
439 3382 474 3442 L.
492 3385 541 3445 57.
557 3381 662 3441 Dionis
676 3383 799 3460 profert,
813 3384 933 3463 Δροῦσος
947 3382 1060 3452 Ἰούλιος
1074 3387 1136 3443 Tri.
1159 3386 1228 3453 uide:
1253 3387 1325 3445 suns

260 3461 350 3520 hodie
373 3471 498 3529 constat,
513 3460 583 3518 illos
602 3460 715 3519 indices
736 3480 795 3519 non
816 3479 879 3518 esse
901 3480 918 3518 e
936 3462 1043 3531 Dione,
1060 3463 1113 3522 sed
1134 3464 1260 3531 additos,
1279 3464 1323 3521 in-

261 3550 376 3599 certum
389 3558 408 3598 a
421 3558 493 3618 quo,
507 3556 564 3596 nec
578 3556 679 3597 eorum
692 3538 900 3599 auctoritatem
913 3538 990 3597 hanc
1011 3540 1086 3608 esse,
1105 3552 1137 3598 ut
1151 3542 1241 3600 talem
1254 3560 1323 3602 oon·
1360 3607 1365 3616 Ι

260 3618 432 3677 troversium
455 3616 593 3674 dirimere
611 3617 733 3693 possint.
782 3620 889 3694 Atque,
915 3618 939 3675 si
967 3618 1043 3676 ratio
1066 3618 1222 3697 Ryckiane
1241 3632 1324 3679 recto

261 3707 349 3765 esset,
363 3706 548 3787 sequeretur,
562 3704 596 3751 ut
606 3694 699 3752 multo
713 3695 806 3773 magis
816 3707 901 3773 petes
915 3696 1005 3754 Drusi
1022 3696 1055 3755 0.
1064 3697 1170 3765 Julius,
1182 3714 1241 3755 non
1259 3698 1324 3760 Tit.

259 3774 359 3833 Julius
382 3774 538 3833 uearerur.
578 3773 687 3850 Neque
712 3784 813 3831 tamen
840 3792 876 3832 ea
899 3794 932 3833 re
960 3774 1044 3833 nimis
1071 3773 1209 3834 offendar.
1248 3776 1328 3836 Juttt

261 3851 379 3929 quidam
392 3870 499 3910 nomen
517 3851 637 3910 Tiberio
656 3851 822 3921 conuenire,
842 3852 968 3911 dubitari
987 3871 1045 3911 non
1065 3863 1173 3929 potest.
1212 3853 1324 3913 Tiberii

260 3940 360 3987 autem
380 3948 550 4007 praenomen
570 3929 687 3988 videtur
710 3942 873 3988 assumtum
898 3950 961 3989 esse
979 3950 1032 4009 pro
1057 3932 1090 3989 C.
1112 3939 1147 3989 ut
1166 3930 1325 3994 discernit

261 4006 419 4066 Dictatore
433 4018 541 4084 posset.
582 4010 688 4085 Neque
709 4008 772 4085 ipse
786 4010 940 4084 Augustus
961 4030 1006 4075 eo,
1028 4009 1131 4068 eadem
1152 4009 1190 4067 de
1211 4030 1324 4084 caussa,

258 4084 375 4143 videtin
387 4104 457 4143 usus
471 4102 547 4152 esse,
567 4085 679 4162 quippe
697 4101 779 4162 saepe
798 4086 827 4142 in
846 4087 1041 4145 monumentis
1062 4086 1190 4165 antiquis
1202 4090 1242 4150 D.
1258 4088 1325 4151 Caii

250 4161 336 4241 flius
356 4162 472 4224 dicitur.
514 4163 646 4221 Eandem
667 4164 706 4222 ob
729 4182 864 4222 caussam
891 4165 992 4233 credo,
1012 4166 1151 4236 Druseun,
1175 4166 1226 4226 ubi
1254 4170 1325 4227 tulii

260 4260 367 4299 nornen
379 4241 538 4319 usurpavit,
553 4252 604 4299 aut
618 4260 655 4300 eo
669 4243 832 4319 appellatus
847 4254 901 4311 est,
915 4243 1100 4319 praenominis
1113 4245 1180 4304 loco
1194 4248 1325 4305 Drusum

262 4318 385 4388 dictum,
400 4320 453 4376 etsi
468 4319 498 4375 id
511 4320 629 4397 proprie
644 4340 809 4397 cognomen
825 4321 916 4379 Liviae
931 4321 1026 4396 gentis
1041 4332 1129 4391 esset,
1142 4344 1199 4382 non
1215 4323 1323 4386 Caium.

262 4396 390 4455 Omnem
406 4397 478 4455 mihi
496 4397 709 4457 dubitationem
727 4398 830 4456 eximit
849 4399 916 4467 hoc,
932 4399 1011 4476 quod
1030 4410 1061 4458 et
1077 4400 1197 4461 libertos
1213 4401 1323 4461 'tiberii

260 4473 377 4551 reperio
391 4474 433 4534 sie
446 4486 568 4533 vocatos
581 4475 612 4534 in
625 4476 863 4553 inscriptionibus
880 4477 1004 4554 antiquus
1023 4497 1070 4556 ap.
1084 4479 1192 4538 nsunt.
1209 4498 1239 4555 p.
1252 4481 1321 4555 928.
