3034 4967
582 729 609 809 J
616 726 749 810 USTI
782 719 957 808 LIPSII

649 936 897 1006 BXCURSUS

746 1143 792 1183 AD

503 1292 1020 1392 ANNALIUM

699 1531 781 1591 LlB.
796 1529 849 1590 VI.

701 1915 791 1976 CAP.
819 1915 861 1977 II.

282 2091 372 2150 Onuu
386 2085 436 2166 qui
451 2078 580 2140 damnati
596 2075 736 2156 gravioris
751 2073 890 2142 criminis,
905 2085 978 2152 puta
991 2073 1161 2152 majestatis,
1176 2069 1314 2151 perduel-

242 2170 338 2238 lionis,
354 2161 526 2246 tyrannidis,
538 2178 596 2215 non
610 2156 665 2236 ipsi
679 2153 775 2212 solum
788 2153 900 2211 adflicti
921 2165 952 2213 ot
965 2155 1081 2231 perditi,
1096 2154 1148 2211 sed
1163 2170 1269 2208 nomen
1283 2160 1314 2207 et

242 2247 383 2308 memoria
394 2261 504 2302 eorum.
545 2239 704 2297 Deterrere
725 2252 827 2290 omnes
840 2251 858 2290 a
871 2232 960 2311 culpa
978 2233 1064 2291 simili
1084 2233 1234 2300 volebant,
1254 2247 1314 2286 non

242 2349 335 2408 poenae
349 2323 448 2391 modo,
462 2318 516 2376 sed
530 2313 695 2393 ignominiae
706 2323 797 2370 metu.
824 2313 930 2389 Itaque
939 2311 1003 2370 haec
1015 2313 1073 2370 duo
1084 2314 1145 2370 sere
1155 2319 1312 2386 usurpata:

243 2419 277 2466 ut
296 2423 404 2464 nomen
425 2399 586 2463 deleretur,
601 2405 635 2451 ut
655 2391 765 2467 effigies
786 2391 948 2448 tolleretur.
975 2395 1035 2451 ·De
1057 2392 1184 2460 nomine,
1207 2389 1313 2446 Cicero

243 2485 351 2563 Philip.
374 2486 422 2547 13,
446 2482 489 2537 12.
510 2493 578 2533 cum
599 2469 720 2531 Antonii
740 2488 848 2526 nomen
869 2488 886 2526 e
906 2470 1003 2528 Fastis
1023 2470 1169 2527 sublatum
1193 2468 1314 2524 decreto

246 2567 371 2626 Senatus
386 2569 482 2618 esset:
506 2555 592 2630 Cujus
607 2561 681 2610 totus
695 2546 863 2607 Consulatus
878 2557 919 2607 est
936 2570 970 2606 ea
987 2549 1061 2608 amni
1079 2554 1315 2607 monimentorum

244 2643 378 2704 memoria
391 2637 524 2697 reuulsus.
556 2631 668 2689 Noster
680 2634 709 2697 3,
725 2631 769 2690 17.
798 2629 909 2686 Nomen
923 2629 1038 2688 Pisonis
1052 2630 1204 2686 radendum
1218 2625 1315 2684 Fastis

224 2723 362 2798 ,sensuit
402 2712 588 2794 Lampridius
608 2711 638 2766 in
659 2707 818 2784 Elagabalo
841 2713 886 2768 16.
926 2707 1037 2768 Nomen
1052 2707 1192 2766 Antonini
1204 2725 1316 2764 erasum

245 2813 298 2876 est,
314 2803 418 2862 Senatu
423 2796 552 2875 jubente.
594 2789 752 2848 Radebant
765 2785 872 2863 igitur:
894 2787 987 2846 sedet
999 2807 1077 2865 saepe
1091 2785 1222 2844 contenti
1233 2794 1317 2842 erant

246 2901 299 2960 per
312 2879 443 2938 dedecus
459 2872 589 2932 oblinere
605 2880 656 2928 aut
667 2867 772 2924 lutare.
786 2865 972 2944 Lampridius
988 2867 1034 2926 13.
1074 2865 1171 2937 Misit,
1186 2864 1236 2943 qui
1250 2864 1316 2921 etin

246 2959 347 3020 eastris
360 2966 518 3016 statuarum
532 2952 592 3027 ejus
604 2945 701 3007 titulos
714 2943 774 3003 tura
785 2954 918 3024 tegerent,
933 2959 964 3004 ut
965 2947 1039 3022 fieri
1051 2945 1119 3002 solet
1131 2945 1164 3002 de
1177 2943 1317 3023 tyrannis.

247 3036 395 3098 Eusebius
415 3033 539 3114 pulchre
561 3028 645 3086 Eccl.
668 3025 781 3083 Histor.
795 3029 825 3091 9,
845 3029 888 3082 ll.
902 3025 940 3082 de
956 3024 1139 3081 Maximino:
1168 3018 1318 3100 Ppaealre

247 3113 309 3179 daur
324 3116 359 3183 εἰς
371 3112 453 3190 τιμὴν
465 3107 607 3186 adroigmd
616 3106 670 3164 rain
680 3101 764 3166 aisti
773 3097 877 3161 aalide
887 3101 962 3161 narei
971 3105 1068 3162 πᾶσαν
1080 3100 1215 3160 ἀνέκειντο
1226 3097 1317 3168 πόλιν,

246 3220 277 3256 ar
290 3217 340 3275 μεν
348 3195 385 3286 ἐξ
400 3191 486 3264 υψους
498 3190 534 3256 εἰς
545 3187 653 3275 adapes·
659 3179 833 3263 ῥιπτούμεναι
857 3179 1051 3261 συνετρὶξοντο,
1070 3182 1098 3239 ai
1119 3180 1147 3238 δὲ
1160 3176 1213 3248 τᾶς
1233 3195 1318 3257 προσ-

256 3273 261 3293 }
440 3271 453 3284 Ν

247 3274 325 3348 odem
336 3287 510 3352 ῃχρειουντο,
525 3286 653 3344 auersum
662 3263 796 3344 χρώματι
808 3261 1096 3340 καταμελανούμεναι.
1120 3260 1163 3317 At
1173 3259 1211 3316 de
1222 3257 1318 3334 effigie

245 3355 343 3413 fracta
357 3362 387 3408 et
401 3348 520 3415 abolita,
535 3342 705 3403 Ambrosius
721 3343 758 3398 de
773 3339 925 3418 Interpell.
939 3342 1014 3398 Dav.
1026 3344 1056 3408 4,
1070 3348 1098 3398 8.
1132 3339 1210 3408 Vide,
1226 3358 1318 3416 quem-

249 3432 399 3492 admodum
412 3434 443 3488 iu
462 3422 623 3486 ciuitatibus
643 3421 774 3480 bonerum
795 3418 965 3497 Principum
985 3418 1120 3498 imagines
1129 3425 1317 3496 perseverent,

250 3513 398 3571 deleantur
421 3517 616 3588 tyrannorum.
658 3496 840 3578 Capitolinus
860 3499 890 3554 in
911 3499 1068 3556 Gordianis
1089 3518 1115 3556 c.
1132 3503 1157 3560 9.
1203 3499 1319 3556 Statuas

249 3590 405 3650 dlaeimini
432 3587 601 3660 dejecerunt,
628 3579 770 3656 imagines
796 3579 1012 3656 perfregerunt,
1040 3597 1139 3636 nomen
1164 3576 1319 3657 publicitus

249 3675 404 3729 eraserunt.
448 3662 548 3722 Livius
558 3661 595 3718 de
607 3656 837 3717 Atheniensibus
846 3662 896 3726 31,
909 3662 957 3717 44.
988 3656 1172 3736 Rogationem
1184 3655 1320 3732 extemplo

249 3751 374 3808 tulerunt
383 3743 520 3823 plebsque
533 3739 624 3806 seivit,
640 3749 671 3794 ut
685 3735 816 3816 Philippi
823 3745 937 3810 statue,
948 3737 1084 3817 imagines
1094 3757 1185 3795 omnes
1193 3737 1319 3793 uomina·

249 3845 413 3908 puerorum
427 3823 589 3882 tollerentur
602 3816 824 3892 delerenturque.
858 3815 1010 3874 Juvenalis
1025 3820 1054 3885 8,
1068 3814 1114 3873 18.
1142 3811 1320 3890 Frangendus

250 3906 381 3966 miseram
395 3905 529 3983 funestat
551 3895 673 3976 imagine
690 3904 809 3975 gentem.
860 3895 1013 3965 Eusebius,
1038 3895 1106 3952 loco
1132 3911 1220 3969 quem
1244 3890 1320 3950 dixi:

250 3984 416 4066 Ἀνδριοίντες
443 3999 473 4040 τε
494 3976 602 4058 ὁμοίως,
627 3974 719 4034 ὁπόσοι
747 3973 786 4041 εἰς
807 3972 856 4048 τὴν
884 3974 972 4036 αὐτοῦ
990 3972 1073 4052 τιμὴν
1099 3971 1320 4048 drarsern'neaur,

249 4064 384 4133 sinedrae
395 4056 562 4142 ῥιπτούμενοι
578 4052 768 4136 euverpiCorro.
808 4051 905 4122 Γέλως
924 4052 972 4112 nal
991 4049 1088 4112 aarum
1107 4055 1162 4119 τοῖς
1180 4051 1243 4110 irai
1259 4047 1322 4120 ι’ζειν

251 4143 298 4203 nul
318 4142 488 4222 ἐμπαροινεῖν
508 4133 652 4196 ἐθέλουσιν
674 4128 840 4212 ἒκχεῖμενοι.
880 4133 969 4190 Ratio
990 4143 1089 4189 autem
1109 4129 1165 4188 ista
1184 4075 1321 4188 abolendi

252 4221 375 4300 duplex.
417 4219 512 4285 Prior,
536 4225 570 4271 ut
589 4212 723 4271 modeste
748 4212 781 4268 id
800 4210 885 4270 fieret
905 4221 936 4268 et
955 4230 1008 4288 per
1029 4208 1231 4287 magistratum
1251 4211 1321 4269 sub·

251 4311 439 4360 moverentur
453 4317 469 4356 e
484 4293 603 4375 publico
619 4299 790 4368 conspeetu.
822 4290 928 4349 Cicero
941 4288 970 4346 in
985 4291 1108 4346 Verrem
1123 4293 1152 4359 2,
1163 4289 1211 4351 67.
1253 4288 1324 4347 Ceu·

252 4379 443 4459 turipiuorum
464 4379 584 4436 Senatus
607 4369 730 4429 decreuit
744 4369 929 4446 Populusque
938 4368 1036 4446 jussit,
1049 4377 1079 4425 ut
1099 4390 1164 4446 quae
1175 4376 1278 4426 statuar
1289 4369 1322 4427 0.

254 4457 355 4520 Verris
376 4457 463 4536 ipsius
482 4468 510 4514 et
526 4451 584 4527 fittr'
604 4462 702 4520 essent,
727 4470 774 4506 eas
801 4449 959 4525 Qaoestores
982 4448 1168 4506 demoliendas
1191 4445 1321 4517 locarent,
