3034 4967
235 261 280 319 60.
597 255 651 317 DE
672 252 931 317 ounromsus

235 442 292 485 noc
316 416 462 484 codicillis
483 418 588 497 datur,
608 438 665 482 nec
686 440 758 485 cum
782 420 883 505 grado
906 416 1002 483 veuit.
1054 418 1135 497 Quae
1155 420 1240 487 lamo
1262 434 1295 487 et

234 506 304 571 luus
317 503 456 590 cujusvis
469 503 544 567 artis
561 525 633 567 cum
647 519 806 569 oratorum
828 503 928 589 glorie
946 504 1155 589 comparanda
1168 522 1224 585 est,
1239 506 1295 593 qui

233 612 297 655 non
310 589 455 653 inlustres
468 588 500 651 in
511 588 589 652 urbe
600 586 709 663 solum,
720 589 808 676 apud
818 586 991 674 negotiosos
1001 601 1034 652 et
1043 590 1138 654 rebus
1150 592 1296 669 intentos,

233 677 287 740 sed
302 675 395 738 etiam
406 672 493 758 apud
503 672 635 759 juvenes
649 684 681 737 et
694 674 913 751 adolescentes,
924 672 1044 758 quibus
1057 674 1152 739 modo
1165 688 1251 740 recto
1262 687 1295 739 et

232 759 351 823 indoles
360 768 418 835 est,
430 770 461 821 et
475 758 557 822 bons
568 780 638 843 spes
652 758 700 821 sui
712 762 726 821 ?
756 761 899 837 Quorum
912 756 1038 821 nomino
1050 759 1140 844 prius
1150 774 1296 847 parentes

231 844 336 909 liberis
351 842 414 907 suis
435 841 604 928 ingerunt?
626 864 706 929 quos
720 843 834 928 saepius
848 841 963 927 vulgus
981 842 1151 929 inperitum
1165 859 1198 909 et
1212 844 1298 909 tuui-

232 944 319 995 cetus
332 928 382 992 hic
438 927 533 1013 pulus
548 941 742 991 transeuntes
756 927 879 991 nomine
893 941 994 1005 vocet,
1009 940 1041 991 et
1053 927 1156 1015 digito
1169 930 1297 994 demon-

233 1018 332 1079 stret?
354 1014 388 1076 A
412 1034 499 1076 venae
522 1034 649 1099 quoque
674 1026 705 1076 et
728 1011 896 1099 peregrini,
919 1011 987 1096 jem
1009 1011 1042 1074 in
1067 1013 1242 1101 municipiis
1262 1025 1296 1078 et

231 1098 358 1163 coloniis
373 1097 437 1161 suis
458 1096 591 1175 auditos,
607 1118 680 1161 cum
701 1097 840 1183 primum
856 1096 972 1161 urbem
983 1095 1175 1182 adtigerunt,
1192 1097 1296 1185 requi.

232 1199 318 1261 runt,
334 1182 487 1247 acvultus
501 1204 667 1269 agnoscere
680 1181 913 1267 concupiscunt
1210 1229 1214 1238 ,

274 1268 373 1333 VIII.
389 1267 502 1331 Ausim
513 1266 709 1343 contendere,
725 1267 913 1332 Marcellum
927 1267 1012 1330 huuc
1023 1266 1169 1353 Eprium,
1179 1268 1297 1355 dequo

230 1354 324 1430 modo
343 1353 466 1416 locutus
481 1374 560 1430 sum,
576 1364 608 1416 et
624 1350 771 1438 Crispum
787 1352 918 1417 Vibium
934 1351 1096 1433 (libentius
1109 1352 1192 1417 enim
1206 1354 1295 1419 novis

230 1452 262 1503 et
275 1437 460 1525 recentibus,
475 1459 570 1522 quam
584 1431 709 1501 remotis
721 1450 752 1500 et
765 1435 959 1514 oblitteratis,
968 1436 1118 1522 exemplis
1128 1441 1216 1523 utor)
1232 1460 1295 1502 uon

229 1524 333 1587 minus
347 1522 431 1587 nosci
445 1522 478 1584 in
493 1521 639 1587 extremis
653 1521 795 1607 partibus
807 1536 970 1598 terrarum,
982 1543 1079 1606 quam
1095 1522 1227 1608 Capuae,
1237 1536 1295 1587 aut

230 1608 387 1685 Vercellis,
403 1606 458 1672 ubi
472 1606 537 1670 nati
552 1605 723 1671 dicuntur:
745 1628 803 1669 nec
824 1606 883 1669 hoc
904 1604 965 1668 illis
986 1604 1094 1669 saltem
1116 1619 1164 1669 ter
1182 1606 1293 1670 millies

230 1693 404 1757 sestertium
414 1704 542 1779 praestat
552 1690 872 1781 (quamquamadhos
882 1688 965 1774 ipsas
973 1711 1048 1776 opes
1056 1703 1188 1776 possunt
1196 1689 1295 1755 videri

230 1940 312 1989 Douee
326 1939 357 1989 ed
368 1940 461 1989 Petrou.
476 1942 498 2003 l,
512 1942 550 1990 16.
567 1946 618 1989 tum
629 1939 656 1987 ln
666 1940 747 1987 celum
779 1939 862 2001 quidue
878 1938 945 1985 modo
961 1940 1053 1986 rectlor.
1089 1937 1196 1995 schulze,
1213 1938 1296 1999 quiens

229 2006 300 2053 notre.
343 2004 432 2053 Melius
448 2004 565 2061 Muretus,
583 2012 634 2051 tum
655 2005 746 2061 nabere,
780 2002 936 2065 nsujor,qunsi
946 2002 1093 2051 nisenulla
1102 2000 1279 2051 habendarum

228 2072 306 2131 quod,·
318 2069 415 2117 simodo
422 2077 444 2116 et
452 2066 628 2117 ceternsdhrurc
636 2066 747 2141 rationem
814 2067 927 2139 Crimen
943 2068 1049 2130 Vidium]
1066 2067 1105 2113 De
1119 2066 1164 2115 hoc
1175 2082 1197 2114 v.
1209 2065 1242 2113 A.
1255 2065 1295 2124 ll,

228 2129 748 2250 unu
779 2129 1296 2256 penetremus

228 2262 326 2322 rigebat,
343 2266 394 2305 lum
405 2258 494 2314 hebere,
507 2257 567 2317 quod
582 2256 608 2301 in
620 2270 652 2313 rc,
664 2268 709 2301 non
721 2256 747 2301 tn
777 2256 814 2319 psi
824 2258 892 2305 notit.
908 2256 983 2305 Lu’s.
1000 2258 1045 2304 Sed
1053 2255 1133 2303 cedern
1144 2254 1196 2301 vide
1206 2270 1226 2302 c.
1238 2256 1261 2303 6.

228 2326 282 2380 ello,
297 2325 391 2369 oetier.-
412 2321 437 2367 id
452 2320 538 2383 recepit
556 2318 683 2377 Brotcrius,
702 2327 748 2366 est-
811 2323 870 2367 Non
881 2322 1025 2383 minusne]
1037 2319 1091 2367 Vox
1102 2318 1179 2372 deest:
1197 2333 1269 2381 quem
1280 2336 1296 2368 c

228 2402 275 2451 que
292 2400 361 2435 seusu
380 2385 503 2448 optimum.
537 2382 640 2444 Goujsci,
656 2384 747 2443 lubere,
777 2398 924 2448 merepono:
940 2384 1296 2433 mentemmentdm.
1382 2422 1385 2428 .

229 2452 298 2513 quod,
310 2453 331 2497 et
347 2451 430 2498 nonin
441 2450 637 2511 iproorlluneto.
653 2461 708 2495 uam
724 2462 748 2494 se
778 2451 867 2496 tremis.
896 2449 973 2496 Lres.
998 2445 1109 2496 Berthius
1119 2444 1205 2509 aliique
1213 2446 1296 2511 legunt

216 2516 387 2569 ,inhacforme
397 2514 509 2561 Latinum
520 2526 566 2559 uon
578 2521 618 2559 est.
651 2514 748 2559 Iuaute
778 2528 825 2560 non
841 2515 938 2560 mlnoris
953 2526 1007 2558 este.
1040 2509 1155 2573 Reeepme
1171 2510 1226 2573 BIp.
1241 2510 1296 2574 ligo

228 2581 340 2627 codicillis
351 2585 410 2627 recte
425 2578 491 2637 abest
505 2576 579 2625 MSS.
592 2576 669 2625 Vetic.
684 2576 747 2639 apud
778 2577 863 2625 Schelii
873 2577 1027 2637 conjecturam
1037 2589 1126 2637 sequor.

228 2643 368 2691 Broterium.
390 2642 463 2690 Eun.
479 2641 748 2701 VerissImcconjecturu
806 2640 964 2688 Necnoetuo
972 2640 1070 2686 alterim
1078 2639 1295 2687 cerneliensem-

228 2706 473 2769 Fremslremii‚quam
488 2704 570 2769 recepi.
603 2705 643 2753 Ex
657 2710 703 2763 oie,
715 2704 748 2752 sic
779 2703 850 2768 teum]
869 2702 898 2749 In
909 2705 990 2750 morbo
1000 2701 1205 2751 loeusetdsfectu
1234 2702 1295 2751 Seri·

228 2772 297 2819 scribi
318 2771 405 2819 solebat
426 2771 513 2830 unineo,
535 2770 623 2817 Iactum
640 2778 674 2817 est
694 2772 748 2815 alio.
778 2770 820 2815 bns
840 2776 863 2813 et
879 2767 1020 2829 distinguent
1042 2781 1084 2814 neo
1105 2768 1146 2813 lsoe
1167 2768 1217 2813 tun
1238 2769 1296 2814 alte.

228 2835 284 2897 Bip.
301 2836 426 2882 dubantin
442 2849 491 2882 eno.
523 2833 637 2882 Nodellus
651 2833 747 2881 inObs.
778 2834 831 2878 rius
842 2837 877 2878 ter
890 2833 982 2891 millies,
993 2831 1229 2879 alteriusliemilllcr
1239 2833 1294 2879 HS.

228 2898 429 2960 muscampis
442 2898 510 2953 1731.
524 2900 622 2944 lnoulu.
650 2897 748 2945 Schulze
774 2901 882 2958 prestet,
899 2897 1054 2956 (quamquam
1069 2896 1100 2943 nd
1114 2897 1231 2956 nosipsos
1243 2909 1296 2957 oper

229 2965 299 3013 verbs
309 2966 330 3010 si
341 2977 387 3010 non
399 2965 424 3009 ln
435 2964 482 3009 allo
491 2964 571 3011 oritur
582 2962 649 3009 delet
682 2959 748 3007 Reli·
773 2959 1296 3021 poematuiderieloqnenlloebenenciopem.

229 3044 276 3091 qua
286 3029 407 3076 doctorum
418 3034 548 3074 commenta
563 3024 610 3085 hic,
623 3025 660 3072 cui
674 3024 746 3083 lubet,
778 3020 851 3084 nisse)
862 3025 902 3070 sed
917 3025 969 3085 ipeeo
979 3024 1113 3083 eloquentie
1128 3024 1194 3084 cnjm
1208 3037 1297 3070 numen

228 3093 294 3141 dabit
303 3094 412 3141 Excursu
424 3106 466 3140 suo
477 3091 514 3139 11.
526 3105 550 3152 p.
567 3092 621 3139 168.
644 3086 708 3135 Mihi
716 3088 748 3136 sic
778 3096 820 3135 etc.
855 3085 917 3146 Quae
926 3086 1070 3135 cumdium
1086 3084 1145 3133 mihi
1161 3094 1295 3142 cerusunt,

229 3156 375 3204 otium-lecit.
571 3212 573 3217 Ι
750 3180 753 3183 -
778 3166 875 3199 numero
897 3161 988 3199 tuntum
1010 3158 1120 3213 excepto3
1151 3163 1207 3196 nem
1236 3158 1296 3198 certe

238 3244 240 3249 ·
261 3222 429 3280 Adulescentes,
450 3223 532 3283 quibus
550 3234 642 3267 morum
660 3218 747 3265 indoles
779 3217 899 3279 utriusque
922 3231 978 3279 opes
1001 3216 1130 3277 exprimere
1151 3213 1296 3276 propositum

229 3287 275 3349 eet]
293 3285 583 3347 nomanatissimus,
594 3282 747 3344 mejorIndo-
778 3281 866 3328 hebuit.
896 3279 1035 3343 Rodolphus
1052 3278 1172 3337 scribebat,
1191 3292 1232 3325 nee
1252 3278 1295 3325 lsoe

229 3352 269 3397 les.
302 3350 379 3399 lues.
407 3349 535 3406 Acidalius‚
548 3349 631 3408 quiem
642 3354 664 3393 et
674 3348 746 3407 mojo-
778 3346 827 3391 illis
839 3347 960 3405 utriusque
970 3350 1006 3391 ter
1014 3344 1099 3389 muller
1110 3343 1163 3390 HS.
1172 3339 1234 3403 quod
1243 3355 1294 3387 nm.

229 3416 387 3461 enmlndolce.
405 3414 473 3462 Nihil
481 3410 654 3475 patiormutari.
674 3409 749 3457 Pluu—
778 3408 999 3471 plectunsiclibris.
1016 3407 1091 3454 Inus.
1109 3406 1296 3454 Huetiusllllal-

228 3478 547 3538 summissionem.
583 3476 630 3532 Qut
646 3476 748 3535 lpeuese
778 3469 1152 3536 terIve,quodBroterlusrecepit.
1165 3472 1295 3518 Sermonu-

228 3545 360 3599 contemnit,
378 3545 404 3591 ln
421 3556 446 3589 eo
462 3548 497 3588 est
513 3541 599 3587 Indoles
615 3539 747 3586 inednstrioe.
779 3546 826 3585 tem
833 3533 1296 3585 estdeduobus.1Rect1usutsllerolterl-

228 3607 298 3656 (loru.
316 3608 396 3669 Nepos
412 3607 435 3652 iu
453 3606 560 3652 Eumene
579 3606 598 3649 1.
631 3604 748 3663 Fulgebnt
779 3595 1297 3659 ve‚veloltere'ree=sliiuliterlourmexpedire

221 3668 684 3735 jaminsenescentulotndolesvirtutis.
701 3667 748 3714 Ju-
778 3674 875 3714 tentant.
918 3666 1026 3714 Ceterum
1048 3665 1106 3710 bene
1127 3659 1298 3708 Freinshemius

227 3736 300 3784 stinus
311 3732 749 3793 29‚1.tnsnorumqnequeseetgia
778 3731 878 3790 monuit,
894 3729 1020 3777 orationem
1035 3741 1083 3774 non
1097 3741 1145 3773 esse
1158 3723 1295 3779 absolutum,

227 3802 324 3847 internis
339 3812 427 3859 neogno
443 3798 640 3844 inderevertens
654 3798 748 3843 enituit.
779 3794 805 3841 ui
815 3808 871 3843 mox
881 3793 952 3857 leges,
968 3794 1070 3839 venisses
1086 3790 1126 3836 sed
1133 3789 1296 3851 mroehqnen.

227 3864 291 3911 Nem
303 3878 378 3911 mores
387 3862 439 3909 κατ’
451 3860 527 3923 ἐξοχὴν
538 3860 593 3908 boni
604 3876 685 3909 mores
713 3860 749 3908 Ut
779 3861 823 3906 na.
853 3859 932 3905 Tlsed
945 3855 1064 3904 absorbuit
1079 3850 1297 3915 finalisprooeden-

225 3928 290 3991 apud
308 3928 428 3981 Senecam,
446 3927 642 3973 Perlercmeree.
676 3924 746 3972 Dixi·
779 3922 889 3969 risverbi.
922 3921 1003 3968 Sedet
1017 3919 1110 3967 iniret.
1123 3919 1147 3965 9.
1164 3915 1246 3964 similis
1261 3914 1297 3962 lo-

226 4005 280 4040 mus
295 3992 428 4040 inObserv.
442 3991 465 4050 l,
481 3990 521 4036 24.
554 3988 638 4053 Itaque
654 4003 747 4035 morum
778 3986 1022 4039 cusdsaultonincest.
1055 3982 1127 4031 ERN·
1154 3978 1297 4026 Iectiovul-

227 4058 315 4105 indoles
324 4064 346 4103 et
354 4056 440 4103 uadens
448 4055 546 4103 omens
555 4054 670 4101 etIndelee
679 4054 748 4099 indu·
778 4058 833 4113 gnta
840 4048 873 4096 sic
882 4049 965 4096 habet:
984 4062 1026 4095 nee
1036 4049 1078 4094 hoc
1093 4046 1142 4091 illis
1152 4044 1249 4089 αὶέεήω
1259 4046 1298 4087 ter

227 4121 337 4169 etrioehic
349 4120 429 4167 adem
441 4134 476 4167 res
487 4127 528 4168 est.
560 4119 653 4167 Gnou.
687 4116 748 4163 Bro-
778 4114 1298 4173 milliessestertiumproeetotqeunquom-

227 4180 407 4234 teriuseutss.
424 4184 482 4231 Vnt.
496 4183 568 4239 dedit,
583 4183 666 4243 quidne
681 4180 747 4226 nudo
779 4180 873 4225 uenere.
908 4176 1153 4239 Ipsaeloqucntiaetc.
1186 4168 1298 4217 Incede.

227 4256 290 4297 rectu
307 4257 329 4296 et
347 4250 397 4295 lud.
411 4254 452 4296 eet.
496 4247 569 4294 Eure.
613 4244 682 4291 clara
697 4242 747 4291 haec
779 4251 868 4305 mereto
884 4240 963 4305 aliqua
978 4238 1068 4288 medela
1083 4234 1185 4283 adfertur
1206 4248 1221 4280 a
1239 4232 1297 4296 Bip.

218 4313 294 4361 'lectio
310 4322 352 4368 est,
371 4326 443 4374 quam
457 4310 541 4373 recipio
560 4316 584 4357 et
602 4308 658 4371 ipse.
696 4308 747 4355 Nec
778 4307 874 4369 vulgata
883 4305 979 4354 lectione
989 4302 1068 4352 leviter
1077 4296 1296 4355 munuwmdo,

228 4384 306 4427 tamen
324 4374 375 4426 aliis
392 4374 488 4424 adridet.
541 4372 605 4422 Num
623 4372 678 4437 Bip.
694 4372 750 4423 dent
778 4386 854 4467 quem¹
867 4369 973 4434 expressi.
1015 4366 1101 4417 Seuere
1117 4364 1175 4414 ieter
1195 4376 1238 4413 uec
1251 4359 1298 4409 hm
