3034 4967
225 285 285 342 214
436 243 573 339 annu.
593 278 673 338 ros.
694 278 742 339 w.
767 274 1071 339 sarnus-enom
1121 308 1123 315 -
1195 316 1199 327 .

176 476 180 481 ·
227 440 323 521 copia.
363 439 464 499 Liberi
477 439 609 498 homines
623 458 682 497 non
696 438 751 496 nisi
766 456 842 516 equo
853 437 1036 505 militabant;
1056 438 1114 495 imo
1128 436 1295 513 'sicpcuncta

229 521 350 580 obibant
363 517 474 578 officia:
494 519 643 595 peditatus
657 537 675 576 e
688 517 778 575 servis
793 518 955 577 constabat.
995 514 1199 575 Mercenarius
1211 516 1295 572 miles

231 598 314 678 genti
327 597 576 677 uullm‚.vitioque
589 615 706 655 versum
720 596 885 667 Artabano,
896 595 976 675 quod
987 595 1118 673 corporis
1129 592 1295 655 custodese

229 677 320 737 servis
333 676 514 736 adscivisset.
1022 722 1024 725 .
1283 738 1287 743 ¹

271 756 385 815 Gentes
398 756 436 813 ad
452 755 634 833 Euphratem
648 773 742 833 usque
755 756 893 814 subactas
906 754 1042 814 libertate
1052 752 1132 811 haud
1146 751 1295 829 privarunt

231 834 406 908 Parthorum
413 834 520 911 Reges,
532 835 594 913 qui,
610 834 641 891 in
661 833 786 892 nummis
807 853 925 913 quoque
942 837 1195 895 ΦΙΛΕΛΛΗΝΕΣ
1211 830 1293 898 dicti,

231 914 406 987 Graecorum
419 912 548 972 colonias
559 913 614 972 sibi
623 913 781 988 submissas
794 914 853 971 suis
868 914 909 971 uti
924 914 1038 991 legibus
1053 921 1084 969 et
1094 910 1232 969 institutis
1243 927 1295 987 pa·

231 993 389 1052 tiebantur.
429 990 492 1061 Sic,
505 992 600 1053 Plinio
609 1003 695 1062 teste,
702 992 839 1070 princeps
850 992 979 1050 omniurn
990 988 1134 1057 Seleucia,
1145 988 1296 1071 cognomi·

231 1083 301 1131 nata
312 1070 485 1151 Babylonia,
497 1071 707 1148 cujusincolae,
719 1070 872 1149 quingenti
882 1090 1015 1141 numero,
1029 1070 1121 1129 libera
1134 1068 1223 1147 ipsius
1231 1086 1294 1127 aevo

231 1151 325 1228 actsui
337 1150 411 1227 juris
423 1149 680 1227 Macedonumque
693 1150 782 1207 moris
793 1149 858 1223 fuit.
900 1150 1121 1209 Sdleucensium
1130 1147 1242 1216 civitas,
1255 1146 1296 1207 ita

231 1229 364 1298 Tacitus,
369 1239 576 1307 potens,septa
585 1229 686 1299 muris,
694 1248 731 1287 ne
753 1228 791 1287 ue
801 1229 1147 1306 inbarbarumconrupta,
1158 1225 1211 1283 sed
1222 1244 1293 1283 con·

231 1308 333 1368 ditoris
349 1307 466 1367 Seleuci
479 1309 608 1366 retinens
629 1320 700 1366 erat.
768 1307 892 1377 recenti,
905 1308 1009 1387 opibus
1024 1318 1074 1366 aut
1087 1302 1231 1383 sapientia
1243 1304 1294 1361 des

230 1388 312 1456 lecti,
328 1397 360 1445 ut
374 1387 510 1456 Senatus,
523 1406 577 1445 sua
588 1386 699 1466 populo
712 1387 766 1456 vis,
779 1398 820 1457 et,
835 1387 970 1465 quotiens
981 1386 1141 1463 concordes
1155 1383 1294 1461 agebant,

230 1467 424 1545 spernebatur
437 1465 572 1536 Parthus,
587 1466 681 1544 quiin
695 1466 828 1525 dissensu
842 1485 1050 1544 nonnunquam
1060 1464 1178 1543 plebem
1188 1462 1294 1540 primos

230 1546 311 1603 ribus
324 1543 468 1603 tradebat.
509 1545 635 1604 Factum
652 1545 731 1615 inde,
745 1555 779 1602 ut
793 1545 946 1623 Ampelius
966 1543 1150 1622 Reipublicae
1169 1541 1295 1621 fingeret

229 1642 323 1702 genus
335 1622 474 1700 Regium,
486 1627 570 1702 cujus
581 1624 746 1702 exemplum
758 1623 897 1682 Seleucia
905 1623 1078 1702 praebuerit:
1094 1632 1145 1679 aut
1154 1620 1241 1688 enim,
1252 1619 1295 1675 in·

159 1752 162 1756 .
230 1702 306 1793 quit,
316 1703 371 1760 sub
385 1702 501 1779 Regum
514 1713 661 1781 potestate
675 1714 752 1772 suut,
764 1713 796 1761 ut
807 1701 944 1762 Seleucia
953 1701 1127 1762 Parthorum
1142 1709 1200 1757 etc.
1237 1697 1294 1755 Ti.-

204 1814 211 1821 ·
227 1781 339 1857 rrdates
352 1781 452 1839 'tamen
463 1783 574 1859 populo
589 1782 822 1850 Seleucensium,
835 1800 852 1838 a
865 1802 924 1859 quo
934 1792 1065 1840 veterum
1075 1780 1191 1855 Regum
1200 1776 1294 1835 hono·

229 1859 311 1918 ribus
320 1859 452 1918 sublatus
464 1872 536 1929 erat,
546 1860 671 1921 vicissim
686 1872 803 1937 gratum
813 1860 954 1929 facturus,
965 1878 1026 1918 rem
1040 1857 1181 1936 permisit,
1193 1866 1296 1915 aucto·

229 1939 316 2014 ritate
331 1937 450 2016 privatis
463 1940 603 1998 trecentis
619 1938 819 2007 Senatoribus,
831 1959 904 2017 quos
916 1941 1059 2017 Adigoaes
1069 1936 1217 2015 adpellare
1230 1952 1294 1991 mos

228 2028 303 2087 erat.
344 2019 418 2076 Mox
429 2029 527 2076 tamen
536 2018 661 2077 Senatus
672 2018 825 2096 pristinum
834 2018 925 2077 decus
933 2016 1130 2095 recuperavit*
1146 2052 1147 2055 =
1169 2015 1295 2082 Surenas

229 2099 318 2166 enirn,
334 2096 431 2155 Crassi
443 2100 547 2167 victor,
563 2097 685 2156 Senatui
700 2107 804 2155 coacto
818 2097 929 2173 obtulit¹
939 2096 1040 2165 libroS,
1055 2096 1084 2152 in
1099 2093 1294 2169 Rosciiinpe·

231 2175 365 2234 dimentis
388 2185 530 2253 repertos.
570 2175 716 2236 Seleuciae
735 2176 814 2235 cives
834 2176 941 2253 partim
963 2185 1046 2233 erant
1064 2168 1247 2233 Macedones
1263 2180 1315 2228 et·

231 2253 328 2311 Graeci
343 2252 474 2334 advenae,
483 2254 587 2332 partim
603 2254 669 2332 Syri
680 2266 769 2331 atque
779 2252 795 2313 J
799 2255 882 2314 udaei.
924 2254 1039 2313 Priores
1049 2252 1096 2311 isti
1109 2254 1224 2311 Graecae
1237 2249 1308 2307 ori·.

230 2332 306 2409 ginis
317 2331 445 2409 reliquos
453 2351 507 2409 per
517 2333 676 2391 tumultum
686 2335 793 2405 adorti,-
804 2333 951 2395 trucidato
962 2351 1069 2410 magno
1079 2350 1210 2399 numero,
1222 2330 1295 2387 urbe

232 2412 360 2487 ejecere,
375 2430 524 2489 quumque
546 2411 781 2491 Ctesiphontem,
796 2414 922 2492 Regiam
935 2412 1047 2481 sedem,
1055 2412 1212 2487 fugissent,
1225 2408 1295 2465 hinc

231 2508 359 2567 quoque,
368 2501 467 2568 spreta
478 2490 570 2568 Regis
581 2492 767 2561 auctoritate,
777 2493 939 2573 pepulere*
961 2486 1182 2553 Quanra'fuerir
1194 2487 1296 2546 Seleu·

231 2569 284 2626 ciae
297 2570 438 2647 potentia,
453 2568 534 2627 dicta
547 2570 672 2647 probant
679 2594 690 2641 ;
711 2590 748 2629 ea
761 2576 814 2632 sub
831 2570 931 2631 Severi
944 2569 1067 2646 imperio
1082 2580 1127 2627 est
1140 2568 1262 2645 privata.

267 2648 367 2725 Parthi
381 2648 508 2724 reliquos
523 2647 611 2705 etiam
625 2649 749 2727 populos
764 2671 817 2729 per
831 2650 981 2710 Orientem
992 2647 1047 2705 sibi
1057 2649 1206 2725 subjectos
1220 2644 1295 2722 legis

231 2726 287 2783 bus
307 2725 366 2783 suis
382 2727 571 2803 moribusque
585 2727 628 2785 uti
646 2728 790 2798 sinebant,
806 2749 861 2788 nec
876 2728 976 2805 Reges
995 2727 1192 2785 deturbabant
1207 2722 1301 2795 solio,-

230 2797 399 2880 submisisse
420 2815 450 2862 et
468 2805 497 2862 in
518 2806 660 2883 obsequio
681 2807 788 2871 laxiori
807 2807 1004 2884 strictiorique
1025 2816 1126 2864 tenere
1148 2802 1295 2870 contenti,
1384 2876 1388 2884 ἡ

231 2901 299 2941 curn
315 2883 445 2961 Scythis,
459 2903 477 2942 a
490 2884 596 2961 quibus
610 2886 837 2960 descenderant,
848 2906 887 2946 ex
898 2906 981 2963 aequo
995 2885 1152 2963 degebant.
1192 2884 1297 2941 Persa-

229 2980 306 3032 rum,
317 2962 376 3019 suis
385 2963 498 3038 juribus
506 2963 675 3035 viventium,
687 2964 766 3035 Rex,
777 2967 852 3045 Regi
863 2965 1036 3025 Parthorum
1045 2964 1175 3040 parebat.
1204 2964 1298 3019 Atro·
1371 2978 1375 2986 ·

228 3051 361 3118 patenas,
371 3040 474 3099 Media
482 3041 547 3100 haec
562 3055 625 3101 erat
635 3043 777 3122 superior,
792 3065 914 3122 regnum
929 3054 996 3121 post
1007 3040 1163 3101 Alexandri
1177 3041 1238 3099 fata
1251 3057 1297 3097 or·

230 3130 302 3190 tum,
314 3120 413 3179 Parthi
422 3120 548 3179 victores
561 3122 713 3182 Arsacidae
724 3118 842 3183 cu'idrim
851 3124 1007 3183 tradidere.
1048 3119 1130 3180 Idem
1142 3120 1179 3179 de
1191 3123 1296 3179 Arme·

261 3300 286 3347 C.
298 3300 331 3347 ob.
342 3300 426 3364 ficia]
443 3300 532 3349 Justin.
544 3301 584 3356 41.
594 3304 616 3352 b

263 3365 288 3409 E
297 3367 373 3422 seruis
384 3366 512 3429 mentm]
531 3365 578 3412 Dio
588 3366 605 3413 l.
617 3382 637 3415 c

263 3428 370 3491 Nullus]
389 3428 515 3476 Herodian.
533 3432 558 3487 3,
572 3430 592 3476 l.

258 3492 414 3554 Adscioisrrt]
433 3492 530 3541 Tacinrs
539 3494 604 3542 Anu.
617 3496 641 3552 6,
652 3497 690 3545 36.

259 3558 341 3603 Plinio
349 3558 416 3619 teste]
434 3558 457 3606 6.
470 3559 502 3605 26
513 3560 579 3621 (36).

226 3620 400 3733 luffeqtpgcutit]
419 3620 516 3685 Eutrop.
530 3625 554 3681 R,
568 3626 604 3673 10.
616 3624 732 3675 Eusebius
743 3634 830 3687 tamen,
840 3627 881 3691 qui
892 3643 920 3675 ex
932 3627 1045 3691 Eutropio
1056 3626 1141 3687 hausit,
1152 3628 1175 3675 in
1183 3627 1296 3675 Chronico

320 3701 385 3733 recen
396 3700 427 3733 or.
578 3714 581 3719 ·

263 3751 371 3813 Tacitus]
389 3750 456 3797 Anu·
467 3753 491 3807 6,
503 3754 542 3799 42.

257 3814 393 3879 Ampelisca]
412 3815 466 3862 Lib.
476 3830 571 3863 memor.
584 3833 603 3865 c.
615 3817 657 3865 ult.

257 3879 391 3952 Adigancr]
410 3879 494 3942 Polyb.
506 3884 530 3935 5,
541 3883 581 3928 54.
1166 3882 1169 3891 ’

257 3944 343 3999 Libros
353 3945 414 4008 repr]
433 3944 464 3991 In
475 3944 503 3991 iis
513 3944 593 3992 lascivi
605 3946 713 3996 Aristidis
723 3948 777 3998 libri
787 3950 860 4005 suere,
871 3951 926 3999 dicti
936 3953 1061 4016 Milesiaci,
1073 3955 1137 4019 quod
1152 3956 1247 4005 Surenae
1258 3972 1295 4003 ar-

225 4016 364 4119 guqrgptum
380 4008 500 4056 Romanos
514 4008 595 4057 multis
610 4012 686 4059 modis
700 4013 816 4061 inridendi
831 4015 884 4063 fuit·
918 4018 1053 4069 vid-Plan
1066 4021 1091 4067 in
1107 4020 1191 4071 Crasso
1203 4022 1295 4085 praes.

227 4083 249 4117 c·
316 4090 318 4094 ·
817 4110 818 4113 ,

302 4142 339 4182 eta
350 4137 382 4184 R.
391 4144 453 4185 auct.
484 4149 510 4185 Τι
532 4142 545 4192 ἦ
565 4140 609 4189 σοῦ’
619 4143 715 4189 suoram
726 4145 826 4192 ,Σελευκὲ
888 4146 895 4165 “
1025 4152 1032 4165 ’
1076 4182 1084 4196 .
1186 4182 1192 4197 .
1274 4184 1281 4197 .

256 4133 371 4265 {egum}
388 4200 436 4248 Dio
447 4139 486 4258 715,
498 4160 532 4249 9p
546 4160 555 4196 ς
716 4164 726 4200 ς
827 4163 853 4194 wa
864 4168 897 4208 μη
909 4162 1075 4239 amputaturum
1095 4148 1185 4215 Joseph
1207 4152 1247 4211 18,
1258 4152 1274 4199 9

256 4262 299 4309 Ea
309 4278 374 4325 aequo
385 4266 450 4329 degn]
468 4265 530 4313 Prin.
544 4270 566 4322 6,
578 4270 610 4316 25
623 4266 686 4330 (29).

122 4320 124 4323 ’
151 4391 159 4398 .
228 4361 231 4368 .
255 4328 290 4374 Β.
303 4329 335 4374 Ρ.
341 4330 451 4392 parebat]
468 4332 553 4379 Strabo
563 4332 593 4379 1..
607 4333 739 4382 lodobar
748 4350 774 4399 p.
788 4337 846 4392 736.

259 4393 401 4457 Tradidere]
418 4394 516 4455 Joseph.
526 4398 564 4450 20,
577 4400 599 4445 3,

251 4456 290 4503 ld.
301 4457 329 4502 de
339 4458 466 4520 Armenio]
485 4457 619 4509 Valarsucea
631 4462 685 4510 Rex
696 4463 816 4515 Armenia
827 4468 857 4516 ad
870 4468 982 4521 Amatam
995 4445 1032 4521 M.
1046 4474 1137 4535 Regem
1149 4474 1294 4524 Parthorum
