3034 4967
532 250 750 313 nuaooun
772 251 860 311 cnr.
883 255 927 309 n.
1209 258 1253 333 cc·

186 414 323 499 ¹quaudo
336 436 454 481 nweaae
469 414 516 489 ait,
529 435 588 501 pro
608 412 800 501 periclitante
813 414 914 479 amico
934 414 1144 500 potentiorum
1157 436 1247 501 aurea

193 499 358 577 offendere,
373 514 403 564 et
422 499 552 586 probata
565 500 604 563 sit
617 498 704 577 fides,
719 510 751 561 et
764 498 890 563 libertas
902 511 1055 563 excusata.
1231 547 1237 555 .

238 584 303 648 ΧΙ.
325 587 407 662 Quae
420 606 492 648 cum
506 584 633 649 dixisset
648 584 681 645 A
721 605 737 645 r
750 582 861 659 acrius,
876 596 912 647 ut
933 581 1061 660 nolebat,
1076 595 1108 647 et
1128 583 1249 649 intento

188 688 256 744 ore,
271 670 416 735 remissus
429 683 460 733 et
475 668 638 732 subridens
693 680 828 745 aternus,
842 667 966 745 Paravi,
980 666 1091 753 inquit,
1107 690 1167 746 me,
1183 690 1247 732 non

193 750 295 815 minus
318 753 374 816 diu
398 754 547 817 adcusare
570 765 715 828 oratoreS,
741 773 836 835 quam
862 756 951 836 Aper
973 750 1120 816 laudavit
1166 750 1248 837 Fore
1268 808 1273 818 .

191 835 274 898 enim
288 837 472 915 arbitrabar,
488 850 534 914 ut,
552 860 573 900 a
592 835 769 900 laudatione
788 857 895 899 eorum
914 835 1082 920 digressus,
1096 836 1247 901 detrecta-

192 931 370 1007 ratpodus,
391 936 486 1009 atque
504 922 676 985 carminum
691 919 830 983 studium
843 935 1067 1006 prosterneret:
1091 933 1157 983 arte
1171 943 1248 1005 qua·

192 1002 265 1067 dam
287 1005 452 1091 mitigavit,
474 1004 669 1069 concedendo
688 1003 746 1081 his,
768 1004 824 1089 qui
843 1026 966 1067 caussas
984 1026 1076 1089 agere
1094 1026 1156 1067 non
1179 1028 1248 1091 poe-

191 1102 269 1166 sent‚
279 1104 316 1152 ut
330 1114 436 1155 versus
446 1092 591 1155 facerent.
632 1090 706 1174 Ego
718 1102 833 1165 autem,
850 1087 929 1152 sicut
942 1088 976 1150 in
989 1087 1105 1152 caussis
1119 1090 1247 1175 agendis

190 1172 309 1237 efficere
323 1174 440 1262 aliquid
454 1190 486 1240 et
499 1173 573 1237 eniti
589 1174 717 1237 fortasse
730 1194 869 1259 possum,
884 1172 927 1235 ita
940 1173 1120 1237 recitatione
1134 1187 1248 1259 tragoe-

190 1256 314 1322 diarum
332 1260 453 1345 ingredi
472 1260 587 1323 famam
602 1260 780 1354 auspicatus
793 1279 874 1333 aum,
890 1271 958 1320 tum
972 1255 1112 1342 quidem,
1126 1273 1198 1322 cum
1213 1258 1248 1321 in

189 1340 317 1407 Nerone
330 1343 526 1429 inprobatam
543 1358 574 1407 et
589 1342 764 1406 studiorum
776 1363 902 1426 quoque
924 1364 1011 1405 sacra
1031 1342 1248 1427 profanantem

190 1423 312 1489 Vatinii
327 1428 496 1513 potentiam
510 1427 606 1523 fregi:
630 1439 663 1491 et
675 1424 779 1502 hodie,
793 1426 819 1488 ai
833 1424 911 1510 quid
929 1425 962 1487 in
976 1425 1066 1490 nobie
1078 1425 1196 1490 notitiae
1210 1449 1248 1489 ac

188 1510 322 1573 nominis
333 1527 388 1590 est,
398 1512 495 1597 magis
504 1513 636 1575 arbrtror
648 1510 830 1588 carminum,
843 1532 938 1606 quam
948 1510 1135 1588 orationum,
1145 1508 1246 1608 gloria

187 1607 331 1678 partum:
354 1620 389 1660 ac
402 1598 470 1683 jam
485 1619 534 1659 mc
548 1597 710 1681 sejungere
723 1618 744 1658 a
757 1594 872 1659 forenn
889 1593 995 1659 labore
1008 1594 1173 1660 constitui:
1189 1616 1246 1658 nec

187 1678 351 1745 comitatus
365 1681 439 1747 istos
452 1696 484 1746 et
497 1704 639 1768 egressus
651 1693 706 1745 aut
720 1678 928 1766 frequentiam
944 1677 1164 1745 salutationum
1174 1701 1246 1743 cou-

220 1921 317 1973 lanato
325 1928 376 1989 ore]
384 1924 505 1974 Acidaliae
513 1926 631 1974 intentior.
642 1925 702 1974 Mox
733 1928 823 1975 musico
841 1926 924 1975 Mutae
939 1923 1047 1989 polluisse
1062 1923 1171 1987 tragedia
1189 1936 1250 1987 qua·

186 1987 242 2035 edit.
254 1998 341 2037 veteres
352 1989 438 2041 vitiose.
447 1998 526 2052 parat.
567 1992 631 2047 Quid
640 1994 703 2037 enim
734 1988 790 2036 dam
805 1990 938 2052 compodm,
958 1989 998 2036 aed
1015 1989 1149 2036 Maternum
1168 1996 1249 2035 nonna

186 2056 230 2097 nic.
248 2052 391 2101 Emendavit
398 2052 475 2100 Rben.
495 2054 542 2100 Pro
549 2054 629 2099 laudm
636 2052 702 2115 Isipa·
733 2051 812 2114 ipsum
822 2052 892 2101 foiaae
901 2061 1043 2100 comatum.
1065 2052 1140 2099 Citius
1150 2051 1199 2099 hnc
1209 2050 1246 2099 «li-

186 2110 483 2164 etBrotmalintlcadnre.
508 2114 577 2165 Acid.
589 2118 700 2164 bodoma
732 2124 817 2163 cunmr
832 2130 904 2179 quam
924 2117 1056 2179 probantur.
1099 2117 1132 2162 In
1151 2116 1247 2162 Nerone

186 2176 284 2241 Recipio
295 2192 348 2225 cum
360 2178 447 2227 Heum.
458 2188 481 2227 ct
491 2178 604 2227 Schulzio.
732 2180 853 2239 inprobato
875 2180 964 2227 Vatinii
977 2180 1090 2240 potentlo,
1106 2178 1122 2224 i.
1141 2175 1161 2225 eL
1177 2177 1203 2224 in
1218 2191 1247 2225 ao

219 2243 399 2289 Prosterneret:
410 2245 581 2307 crthaadam]
598 2242 654 2290 Non
664 2258 700 2291 aa·
732 2240 840 2303 Principe
856 2244 886 2291 ab
900 2242 1009 2289 omnibus
1024 2242 1090 2289 bonia
1102 2242 1246 2305 reprehensa,

186 2303 217 2351 tie
233 2304 344 2353 coherere
358 2307 484 2354 credonem
500 2307 627 2355 observavit
643 2306 701 2354 Aci-
732 2305 762 2353 de
775 2321 823 2369 qua
833 2321 903 2368 cupra
912 2310 944 2353 A.
959 2307 997 2363 15,
1007 2306 1046 2353 ³4.
1080 2306 1245 2367 Burmannus,

185 2367 268 2423 dalius.
276 2369 376 2432 addique
381 2370 432 2417 vult
440 2372 465 2417 id
473 2377 590 2417 anteum.
608 2370 700 2417 Verum
731 2384 802 2431 quem
813 2370 917 2433 nequitur
927 2368 1056 2428 Schulziue,
1066 2369 1123 2431 legit
1133 2371 1180 2431 ipsi
1192 2371 1246 2416 Ne.

185 2430 220 2477 ita
235 2430 328 2480 initium
344 2434 432 2495 periodi
447 2448 495 2481 enee
511 2433 622 2481 debebat:
641 2435 700 2495 quod
731 2434 785 2479 roal
795 2435 949 2493 inprobarum,
960 2446 1003 2479 nec
1016 2432 1049 2478 ita
1059 2432 1126 2479 male
1159 2430 1204 2479 Eat
1213 2442 1245 2494 at,

185 2496 250 2541 enlm
252 2496 316 2557 fore.
338 2495 424 2543 Malim
430 2498 476 2545 aad
496 2496 568 2545 Ean.
590 2497 642 2559 Ego
650 2512 700 2545 ma·
732 2494 774 2557 qui
790 2497 899 2543 vaticinia·
918 2510 997 2543 vocem
1015 2504 1096 2543 servet.
1134 2494 1246 2544 Bartbiua

185 2557 229 2621 lim
237 2559 367 2607 subaudire.
387 2558 700 2609 Heumaiuaneceniuten
731 2559 819 2621 quippe
828 2559 885 2621 legit
895 2562 921 2606 in
933 2559 1024 2606 Nerone
1033 2559 1245 2620 {cynnama

185 2622 216 2667 ab
226 2621 293 2670 initio
303 2622 390 2686 periodi
397 2623 462 2671 addit
475 2624 542 2679 Quod
553 2626 699 2671 enim-tum
731 2624 822 2682 ticinio
827 2625 958 2685 potentmm
965 2623 1046 2685 fregi,
1056 2631 1177 2685 putatque,
1188 2622 1244 2671 Ma·

184 2682 223 2732 hic
235 2686 268 2733 td.
731 2693 824 2733 ternum
838 2686 868 2733 ad
888 2686 939 2734 loca
955 2686 1062 2749 quadam
1080 2686 1244 2747 negoeffimm

215 2751 416 2813 Ingredifomam
426 2755 561 2815 auspicatur
571 2752 636 2815 tam]
653 2754 699 2799 Ia·
730 2764 827 2797 numum
836 2750 952 2806 adludere,
960 2750 1044 2813 quibua
1051 2748 1152 2812 populna
1162 2749 1244 2797 adver-

179 2814 482 2877 grcdiurihiglossamolet.
505 2818 698 2876 Funeomauspi·
730 2812 1161 2877 auaNeronemmagnopereplauserit.
1189 2810 1243 2859 Du·

183 2878 236 2922 cori
247 2886 282 2924 est
290 2880 383 2939 ingredi
387 2882 490 2942 separa.
515 2879 587 2926 Eur.
610 2878 697 2925 Similia
728 2892 784 2924 reau
795 2892 888 2941 quoque
898 2876 927 2924 de
942 2876 1057 2933 lamella,
1068 2876 1196 2939 Sigradum
1206 2890 1244 2924 aa·

182 2938 334 3000 pleonasmus
349 2943 411 3005 apud
427 2944 490 2991 Suet
504 2942 554 2991 cal.
565 2946 604 2991 54.
618 2949 645 2989 at
658 2944 696 2989 ln·
729 2950 805 3000 cuma,
821 2939 903 2988 retinet
915 2941 1023 2986 υαιίοίηὶί
1037 2948 1061 2987 et
1075 2940 1155 3000 poesin
1171 2938 1243 2987 deno·

182 3004 473 3067 ittam-auspicaretcm
490 3015 514 3055 et
528 3006 591 3069 apud
604 3005 693 3053 Juetiu.
728 3012 778 3051 tare
788 3004 875 3061 muniit,
886 3003 963 3065 sieque
973 3003 1050 3049 locum
1062 3003 1242 3062 interpretante

182 3067 223 3124 2⁶,
235 3071 260 3115 2.
287 3071 402 3130 Aueptcta
413 3072 463 3117 belli
474 3087 489 3117 a
495 3070 627 3132 parricidio
637 3071 696 3115 inci-
728 3068 818 3127 luraque
828 3069 886 3113 dane
899 3081 953 3112 mon
964 3067 1047 3113 Neron
1055 3066 1079 3127 1⁹
1092 3065 1203 3111 humiliati
1218 3078 1244 3112 ca

177 3131 276 3191 pientes.
311 3132 420 3181 Ceterum
435 3143 496 3181 totus
507 3133 545 3181 hic
559 3133 623 3180 locus
634 3140 696 3179 esta
728 3136 809 3190 tyron,
819 3132 974 3191 prosunatcur
983 3129 1007 3175 d'
1019 3144 1053 3174 aa
1066 3134 1105 3173 ort
1116 3125 1189 3187 anob,
1201 3128 1242 3187 qai

181 3190 257 3267 Lipeii
274 3195 346 3253 libro,
360 3205 388 3243 ut
403 3196 521 3260 profitetur
534 3196 559 3242 in
571 3195 607 3243 ed.
626 3200 695 3245 1574.
728 3197 793 3240 auoit
806 3195 881 3240 bacin
891 3195 919 3239 de
932 3192 1036 3238 matenir
1045 3205 1081 3237 aas
1091 3204 1144 3237 ocra
1153 3191 1181 3237 dc
1191 3196 1242 3239 tout
1299 3230 1305 3242 .

182 3254 252 3305 Pnua
269 3258 390 3321 legebatur
408 3260 455 3307 aio:
476 3262 538 3306 elcut
559 3261 585 3305 tu
609 3260 696 3306 caure&
727 3258 745 3302 l'
763 3259 870 3317 appareti
883 3258 911 3304 de
927 3270 968 3303 aon
980 3256 1089 3316 pouvoir.
1132 3252 1241 3316 Denique

179 3322 277 3381 agenda
294 3325 341 3369 niti
347 3323 451 3385 fhrtaaac
460 3338 564 3385 marum,
580 3325 615 3370 ita
631 3324 697 3369 rectt.
728 3318 888 3383 Schultingiua
906 3334 948 3367 auo
965 3318 1036 3365 modo
1051 3318 1121 3365 verba
1140 3317 1241 3379 refingit,

180 3388 243 3445 trag.
255 3393 278 3432 ct
288 3387 383 3447 ingredi
396 3394 420 3434 ct
429 3389 514 3448 efficere
521 3388 618 3449 somam
628 3400 694 3448 aurp.
715 3380 769 3430 'ned
784 3383 817 3430 ita
834 3394 927 3439 temere,
941 3390 969 3430 ut
981 3381 1067 3444 pudeat
1079 3380 1169 3428 referre.
1202 3380 1241 3429 Cf.
1261 3393 1264 3403 ·

179 3461 242 3494 sam.
275 3448 339 3497 Vide
349 3459 372 3497 et
382 3459 461 3497 notata
471 3451 529 3498 adc.
542 3452 579 3499 16.
728 3446 838 3495 Schulze.
869 3446 987 3511 Equidem
996 3444 1034 3493 hic
1044 3444 1119 3493 hereo
1129 3444 1223 3492 dubim.
1311 3465 1314 3471 ·

210 3514 349 3572 Improbum
359 3520 382 3561 et
391 3516 524 3562 stadiorum
534 3528 621 3575 qaoque
628 3528 695 3561 sacra
761 3513 841 3558 Hodie
850 3514 872 3558 ai
883 3513 951 3574 qaid]
969 3510 1039 3556 Rom.
1049 3508 1113 3556 addit
1123 3508 1240 3571 copulam,

174 3575 466 3638 prqftmontcmvotlciaii]
478 3577 695 3637 Scribendum‚cum
728 3577 904 3634 ethodmrecte
921 3574 993 3621 era.
1012 3573 1073 3619 Mox
1081 3572 1239 3620 Scheiiuama·

178 3640 205 3685 in
229 3642 327 3687 Nerone
349 3644 501 3703 improbatam
520 3647 542 3687 et
564 3643 695 3689 dedimam
727 3639 791 3703 lebat
807 3640 968 3686 salutantium.
1000 3636 1071 3684 Eunt.
1103 3636 1141 3683 Ea
1157 3633 1239 3697 copula
1265 3694 1269 3701 Ι

178 3707 510 3768 qaoqucmcrcprofimantcm
519 3706 609 3753 Vatinii
613 3712 695 3766 poten·
726 3702 789 3750 deest
799 3702 824 3749 in
835 3701 886 3750 edd.
897 3701 983 3765 primia.

177 3769 238 3813 tiam
238 3767 320 3828 fregi,
327 3768 429 3816 diximus
437 3769 596 3827 Observ.3,4.
603 3769 695 3815 (inore.
759 3768 798 3815 Ac
807 3770 862 3829 jam
877 3781 913 3812 mc
929 3764 1057 3827 sejungere]
1075 3765 1140 3812 Edit.
1153 3769 1238 3810 veterae

178 3828 315 3877 Sermonem
329 3846 378 3879 ecee
387 3832 417 3880 de
429 3832 530 3891 homine,
543 3831 693 3879 manifestum
726 3844 799 3876 acme
808 3832 940 3892 dejungere.
961 3829 1090 3876 Gronovius
1101 3823 1237 3875 emendavit·

178 3901 226 3948 επις
244 3894 324 3955 itaque
339 3898 430 3942 Vatinii
444 3896 525 3958 recepi.
553 3894 591 3943 Sic
601 3904 625 3943 et
635 3894 694 3943 Bro-
727 3892 788 3941 Mox
799 3896 922 3941 comitatur
930 3900 954 3940 ct
963 3907 1066 3953 egressas
1078 3906 1107 3938 ex
1117 3902 1181 3936 more
1189 3886 1237 3935 Ro.

178 3956 319 4005 teriue‘fecit.
342 3959 413 4007 Eun.
435 3958 564 4019 Quaeritur,
576 3959 693 4021 quomodo
725 3972 803 4004 mano.
815 3956 864 4005 Cic.
881 3957 906 4003 in
917 3956 964 4003 Pis.
978 3971 999 4003 c.
1017 3960 1054 4004 13.
1064 3956 1085 3999 ai
1096 3952 1174 3998 minat
1183 3954 1238 4015 sre-

178 4016 302 4068 Maternus
309 4024 456 4083 inprobarum
464 4022 691 4085 (hocenimrecipio)
726 4024 821 4083 quentia
831 4036 874 4067 auo
887 4027 990 4067 vestram
1002 4030 1120 4079 egressum
1136 4018 1238 4063 amando

178 4083 205 4127 ia
217 4078 313 4131 Narem
321 4087 481 4135 ctMusoram
489 4100 555 4133 sacra
562 4086 693 4147 profimcn-
724 4091 794 4145 atque
803 4085 940 4132 celebrando.
964 4082 1001 4129 cf.
1012 4091 1110 4142 etmpra
1120 4094 1140 4126 c·
1147 4080 1172 4128 6·
1194 4078 1237 4126 Nil

120 4165 124 4172 ·
177 4152 225 4191 tem
237 4148 692 4213 Vatiniipotentiomsrongercpotacrit.
723 4163 778 4210 ergo
798 4163 873 4195 moror
893 4144 1007 4197 Schurzfl.
1026 4151 1193 4205 commentum,
1208 4142 1237 4191 de

177 4208 308 4259 Gronovius
325 4212 342 4259 1.
364 4228 385 4261 c.
406 4214 504 4275 conjicit
525 4212 645 4261 Vatinium
667 4212 692 4259 in
723 4226 771 4275 quo
781 4211 890 4261 §chum

177 4270 285 4321 Νθῐθῦἱὶῦ
296 4275 336 4328 (de
350 4278 435 4340 quibua
451 4278 515 4327 Suet.
526 4291 544 4325 c
559 4275 609 4340 12.)
619 4290 692 4338 agone

221 4356 294 4403 VOL.
312 4358 356 4408 lv.
1046 4353 1065 4395 Ι
