3034 4967
684 550 737 611 DE

319 691 1103 829 ORATORIBUS‚

670 897 758 941 SIVE

185 1016 258 1123 na
285 1018 496 1093 caussis
525 1019 836 1095 consueris
860 1016 1240 1107 uuoeuaurra,

472 1184 519 1269 D
538 1184 562 1269 Ι
581 1183 628 1271 Α
646 1185 690 1271 Ι.
707 1180 754 1273 Ο
773 1184 824 1275 G
841 1184 886 1273 U
905 1183 955 1273 s.

616 1384 815 1449 ,4-

580 1569 852 1631 eeavmalum

404 1662 416 1688 Ι

184 1712 259 1793 Cup.
283 1714 310 1772 l.
350 1712 467 1790 Dialogi
490 1714 612 1773 oecmio.
664 1718 691 1773 2.
712 1718 743 1771 s.
761 1714 1014 1773 confabulationis
1036 1723 1245 1793 argumentum.

221 1790 383 1849 Curiatium
392 1790 567 1859 Maternum,
581 1812 616 1850 ex
626 1802 739 1851 oratore
752 1801 880 1869 poetam,
889 1793 933 1849 Μ.
944 1795 1024 1869 Aper
1033 1803 1139 1861 orator,
1150 1794 1247 1869 judice

215 1867 304 1927 ¹,lulio
318 1868 460 1934 Secundo,
482 1890 499 1925 a
516 1871 639 1944 poeticis
655 1870 757 1927 studiis
773 1889 892 1927 avocare
904 1878 1011 1927 tentat.
1050 1878 1078 1927 4.
1094 1872 1246 1929 Maternus

218 1948 395 2005 sanctiorem
411 1966 442 2003 ro
452 1946 641 2021 eloquentiam
656 1947 759 2004 sectari
774 1947 936 2022 profitetur.
956 1946 1043 2007 5-7.
1055 1946 1149 2005 Instat
1160 1950 1247 2024 Aper,

219 2034 256 2084 -at
276 2026 412 2083 oratoriae
433 2024 504 2081 artis
524 2024 690 2091 utilitatem,
713 2026 901 2101 voluptatem,
921 2024 1091 2100 dignitatem
1112 2026 1246 2093 celebrat,

220 2104 312 2181 idque
352 2105 381 2161 Β.
396 2102 530 2161 Marcelli
548 2102 631 2179 Eprii
643 2111 674 2161 et
688 2100 786 2178 Crispi
800 2100 879 2160 Vibii
900 2102 1036 2181 exemplis
1057 2107 1246 2181 comprobat,

219 2185 254 2241 ζ9.
268 2188 370 2239 contra
383 2182 510 2239 carmina
521 2181 663 2259 dignitate
677 2189 706 2239 et
718 2181 847 2239 utilitate
857 2180 988 2251 destitui,
999 2201 1051 2241 nec
1065 2182 1121 2241 nisi
1134 2184 1248 2241 laudem

226 2260 338 2317 inanem
355 2260 422 2317 dare
441 2267 472 2317 et
492 2260 626 2337 gaudiam
647 2260 771 2317 volucre.
810 2253 910 2317 Laude
923 2260 1037 2337 dignam
1057 2280 1122 2320 esse
1135 2262 1248 2339 Vespa-

220 2338 302 2396 siani
315 2338 519 2396 liberalitatem
531 2338 563 2394 in
576 2346 672 2397 nauem
688 2336 812 2396 Saleium
825 2338 945 2396 [lassam
958 2364 967 2409 3
989 2339 1134 2415 pulchrius
1151 2349 1248 2400 tamen

221 2434 301 2483 esse,
311 2416 366 2473 sibi
380 2416 436 2492 ipsi
450 2416 614 2493 prospicere
625 2424 655 2474 et
666 2434 748 2473 snum
758 2416 874 2492 genium
884 2416 1051 2492 propitiare.
1097 2416 1159 2475 Nec
1167 2420 1249 2475 volu·

223 2494 1249 2573 ptatisqnidquampraeberepoeticam,quipperatibnsinsolitndinem

227 2574 267 2631 sit
287 2573 496 2631 secedendum:
521 2572 568 2630 10.
585 2583 647 2630 tum
663 2581 765 2649 poetas
783 2590 847 2630 csse
860 2571 977 2630 offensa
991 2574 1141 2632 obnoxios.
1181 2573 1249 2633 Ma·

223 2660 341 2711 ternum
353 2652 474 2727 proinde
492 2651 596 2709 rectius
611 2659 749 2719 acturum,
768 2651 794 2708 si
812 2651 850 2709 ab
870 2650 1018 2709 auditoriis
1038 2659 1069 2711 et
1082 2652 1204 2711 theatris
1218 2653 1249 2711 in

229 2731 322 2787 forum
336 2739 367 2787 et
381 2731 417 2786 ad
430 2748 545 2788 caussas
559 2728 665 2787 redeat

271 2806 396 2865 ἸΙ-13.
410 2808 561 2866 Maternus
581 2815 682 2865 eontra
694 2806 817 2883 poeticae
829 2807 953 2866 studium
972 2808 1155 2866 securitatem
1174 2828 1249 2886 prae-

227 2894 307 2945 stare
322 2893 353 2943 et
372 2885 575 2955 innocentiam,
596 2886 732 2961 majorem
745 2904 857 2962 qnoque
874 2885 1007 2963 gloriam,
1021 2904 1106 2961 qaam
1126 2886 1250 2947 forensis

223 2965 311 3038 labor
334 2965 480 3031 concedat,
501 2964 577 3039 quod
596 2963 674 3021 aurci
695 2964 795 3021 saecnli
814 2964 945 3040 exemplo
963 2973 1097 3021 winstat:
1120 2965 1251 3042 volupta-

227 3052 289 3101 tem
301 3062 391 3119 porro
403 3042 548 3118 puriorem
563 3044 673 3101 adferre
687 3060 830 3099 secessum
844 3042 875 3098 in
890 3060 1006 3098 nemora
1019 3050 1049 3098 et
1062 3042 1152 3109 lucos,
1167 3062 1251 3119 quarn

224 3120 448 3197 sanguinantem
470 3118 678 3195 eloquentiam:
704 3120 802 3177 dulces
822 3118 924 3176 Musas
943 3137 1077 3177 revocare
1097 3137 1166 3177 suos
1189 3118 1250 3179 enl-

222 3209 308 3258 :tores
322 3220 341 3255 a
351 3198 592 3257 sollicitudinibus
606 3208 636 3255 et
654 3198 739 3256 curis.

223 3320 225 3325 .
272 3278 318 3335 14.
331 3276 505 3354 Supervenit
513 3277 670 3353 Vipstanus
681 3276 818 3333 Messala
847 3274 888 3341 ls,
899 3274 1079 3352 antiquorum
1089 3276 1252 3344 admirator,

231 3356 342 3433 Aprum
355 3374 373 3413 a
385 3374 521 3413 novenam
542 3357 686 3413 rhetorum
706 3373 787 3412 more
805 3353 987 3412 adnotarem
1005 3353 1125 3413 sormam
1138 3358 1252 3415 trahere

224 3434 342 3493 nititur.
385 3436 509 3493 ramis.
529 3434 608 3509 Aper
626 3452 787 3509 repugnans
808 3440 903 3489 movet
921 3435 1119 3507 qnaestionem,
1138 3436 1253 3511 quinam

226 3521 360 3573 oratores
374 3513 493 3571 vocandi
507 3511 565 3569 sint
578 3512 696 3587 antiqui.
737 3511 801 3568 Hos
812 3520 984 3569 venerantur
993 3510 1132 3582 Messala,
1143 3514 1253 3573 Secun-

225 3592 297 3658 dus,
313 3591 475 3649 Maternus.
515 3591 592 3666 Aper
604 3590 699 3649 saeculi
714 3589 758 3647 sui
772 3597 870 3665 partes
881 3598 988 3657 tuetur,
1002 3600 1175 3650 necseteres
1189 3610 1254 3649 esse

227 3670 370 3728 dicendos
386 3669 509 3745 judicat,
531 3686 603 3745 qnos
627 3670 788 3727 eorumdem
809 3667 955 3725 bominum
978 3686 1060 3726 aures
1080 3670 1254 3746 adgnoscere

232 3749 392 3825 potuerint.
429 3748 599 3807 'Ciceronem
618 3754 648 3804 et
660 3755 835 3813 coetaneos,
848 3747 910 3804 fere
929 3746 960 3803 in
972 3747 1066 3804 medio
1078 3750 1202 3825 positos,
1217 3748 1255 3804 ab

231 3826 416 3906 antiquorum
430 3827 550 3884 adseclis
569 3824 634 3883 istis
656 3824 808 3883 accenseri.
848 3826 884 3881 ln
903 3824 951 3891 iis,
965 3826 1013 3901 qui
1026 3834 1164 3884 vocentur
1178 3826 1254 3884 anti·

226 3904 296 3981 qni,
309 3906 405 3983 plnres
418 3904 593 3980 deprehendi
613 3904 736 3981 species,
757 3921 811 3961 nec
822 3922 911 3961 unum
930 3920 993 3964 esse
1007 3903 1179 3979 eloquentiae
1191 3905 1254 3963 rul-

227 3992 306 4042 tum.
348 3982 533 4059 Malignitate
543 3984 665 4041 humana
674 3990 772 4041 vetera
783 3982 813 4039 in
824 3982 919 4049 lande,
929 3980 1088 4058 praesentia
1101 3980 1131 4039 ia
1140 3982 1256 4041 fastidio

228 4055 309 4120 esse‘.
351 4065 396 4121 1‘9.
416 4062 547 4119 Cassium
563 4060 708 4127 Severum,
721 4079 805 4136 quem
818 4059 971 4119 murinam
991 4058 1172 4135 antiquitatis
1187 4081 1257 4119 con-

237 4140 372 4209 stituant,
386 4160 403 4197 a
416 4148 512 4198 vetere
527 4138 642 4197 flexisse
654 4139 775 4196 viaxnon
787 4137 914 4205 inscitia,
928 4138 980 4194 sed
994 4136 1107 4211 judicio
1127 4146 1157 4196 et
1171 4140 1258 4198 intel·

237 4218 332 4290 leetu;
355 4236 420 4276 cum
433 4218 597 4275 conditione
610 4226 771 4293 temporum
786 4234 820 4273 ac
834 4214 1002 4274 diversitate
1015 4216 1124 4273 aurium
1139 4218 1257 4275 sormam

237 4314 351 4372 quoque
365 4296 503 4354 orationis
519 4295 608 4353 luisse
625 4296 799 4353 mutandam.
837 4296 886 4351 20.
906 4291 1003 4351 Variis
1024 4293 1165 4352 statuisse
1178 4304 1260 4352 vete·

239 4394 299 4433 rem
312 4374 503 4452 eloquentiam
513 4374 602 4435 vitiis.
641 4373 813 4433 Auditorum
826 4390 959 4431 coronam
969 4371 1083 4450 exigere
1091 4364 1152 4447 jan
1165 4372 1260 4433 imia-

1059 4450 1117 4511 at

341 4660 357 4697 k
