3034 4967
316 265 517 325 DECRETA
539 264 732 330 ANTIQUA
758 264 819 321 AD
843 262 1000 324 ANNAL.
1022 260 1102 320 LIB.
1123 259 1183 319 111.
1243 262 1295 317 185

221 513 267 571 M.
278 513 457 573 ANTONH
477 514 633 574 Triumviri
642 512 892 651 Elimsshliirgssm
907 522 938 570 ut
951 512 1073 580 videtur,
1084 511 1121 569 A.
1137 512 1174 571 U.
1186 509 1219 570 C.
1232 512 1300 575 717.

649 613 713 651 υκο
756 638 762 651 .
810 638 815 651 .
874 637 879 650 .

263 737 320 809 (Μ.
333 731 479 801 Ἀντώνιος
491 729 670 813 αδτοκροέτωρ
679 730 781 804 ίπατος
792 730 928 807 οίποδεδει)
939 726 1042 812 γμένος
1052 730 1083 791 πδ
1096 730 1126 807 β.
1137 725 1187 790 καί
1197 727 1242 806 (τό
1253 736 1300 809 γ.)

221 813 301 890 τριῶν
316 811 420 889 ἀνδρῶν
436 812 499 883 (πτῖδ
513 856 538 870 ..
554 814 587 891 *)
601 814 657 872 τῶν
673 810 808 893 δημοσίων
822 828 878 905 πρα
901 816 1000 889 μάτων
1015 811 1167 887 διατάξεως
1177 817 1300 905 ῌλαρα·

224 889 294 950 σέιυν
313 891 360 949 καί
372 876 582 983 Ἀρρυδεισιέων
630 912 742 985 χουσιν,
763 834 951 982 ἰουλη,κόήμῳ
966 887 1084 987 χροίρειν.
1123 886 1301 981 Είέρρωσθε,

224 964 253 1026 ειί
267 966 302 1030 οἲν
317 967 392 1048 ἔχοι,
412 967 527 1047 υγιαίνω
542 970 620 1028 δέκα
645 990 725 1038 αυτυς
738 969 811 1049 μετοδ
824 990 870 1028 που
888 986 1103 1049 στρατευματυς.
1134 973 1233 1025 Σολων
1243 973 1300 1042 Δη-

223 1045 348 1140 μητρίου,
359 1044 483 1127 ὑμέτερος
492 1046 642 1128 πρεσέευτδ
645 1071 658 1116 ς
668 1046 878 1145 ἐπιμελέστατα
886 1042 1065 1125 πεφροντικὼς
1075 1044 1129 1103 τῶν
1137 1064 1187 1120 της
1195 1042 1302 1113 πόλεως

225 1124 300 1203 όμων
313 1122 500 1221 πραγμάτων,
514 1132 542 1186 υιί
555 1126 637 1203 μόνον
650 1124 775 1205 η’ρκεσὲυη
790 1125 832 1186 ἐπί
845 1129 900 1194 τοῖς
910 1122 1058 1204 γεγονόσιν
1069 1126 1152 1182 οίκονυ
1167 1124 1232 1201 (μή)
1244 1144 1303 1201 μα-

226 1226 279 1272 σιν,
299 1202 381 1263 οὶλλα
393 1203 440 1263 καί
452 1202 526 1283 η’μοῖς
542 1206 732 1285 παρεκάλεσεν
747 1205 785 1273 είς
800 1202 831 1263 τδ
841 1204 891 1263 τοῦ
901 1202 1053 1283 γεγονότος
1072 1200 1135 1280 όμῖν
1156 1199 1302 1279 ἐπικρίμα-

224 1302 270 1351 τος
278 1280 324 1340 καί
339 1279 490 1360 δόγματος,
499 1283 547 1342 καὶ
559 1282 644 1360 δρκιου
655 1282 703 1342 καί
715 1281 796 1361 νόμου
806 1280 1050 1359 ἀντιπεφωνημένα
1060 1282 1091 1340 ἐκ
1101 1280 1155 1338 τῶν
1168 1276 1302 1357 δημοσίων

227 1359 329 1418 δέλτων
339 1360 534 1431 ἐξαποστεῖλαι
546 1358 607 1434 έμῖν
617 1360 654 1420 τοὶ
663 1359 834 1441 οἰντιγραρα.
854 1366 913 1437 Ἐφ’
924 1357 960 1427 οἷς
972 1356 1120 1425 ἐπαινέσας
1129 1355 1174 1415 τόν
1183 1354 1304 1417 Σόλωνα

225 1438 337 1518 μᾶλλον
348 1436 536 1515 οἱπεδεξοέμην,
549 1438 637 1518 ἔσχον
648 1440 715 1499 τεέν
728 1442 782 1508 τοῖς
796 1439 836 1499 ὑπ
847 1438 915 1516 ἐμοῦ
925 1437 1163 1517 γεινωσκυμενοῖς,
1176 1434 1256 1515 qiua)
1267 1433 1304 1495 τοὶ

226 1516 383 1592 καθήκοντα
397 1515 556 1597 σίπεμέρισα
568 1518 758 1597 ριλοὶνίρωπα,
771 1520 845 1595 αξιον
859 1516 1037 1596 ἡγησάμενος
1050 1512 1096 1576 τδν
1111 1512 1197 1595 ἄνδρα
1209 1514 1258 1587 τῆς
1273 1515 1304 1588 ἐξ

226 1591 304 1670 ἡμῶν
322 1593 426 1671 τειμῆς.
465 1594 542 1673 Ὑμῖν
562 1617 593 1654 τε
619 1593 769 1693 συνήδομαι
793 1596 835 1657 ἐπί
856 1593 933 1674 τῷέ
958 1599 995 1653 είν
1016 1593 1136 1653 τοιοῦτον
1159 1589 1304 1669 ωολείτην.

220 1668 319 1732 Ἔστιν
331 1672 359 1729 δὲ
373 1670 536 1753 οἰντιγραρα
546 1674 601 1733 τῶν
615 1693 773 1753 γεγονοτων
785 1674 847 1771 όμῑν
858 1618 1056 1753 ριλαίόριόπων
1067 1670 1104 1731 τοί
1121 1670 1303 1752 ὑπογεγραμ-

227 1748 308 1826 μένα,
329 1748 350 1810 οἳ
369 1749 443 1827 όμοῖς
452 1751 590 1830 βούλομαι
612 1754 640 1811 ἐν
657 1757 712 1820 τοῖς
734 1753 873 1831 δημοσιοις
890 1754 946 1821 τοῖς
968 1747 1031 1827 παρ’
1050 1748 1112 1828 όμῒν
1131 1749 1303 1829 γράμμασιν

229 1827 353 1905 έντοίξαι.
395 1830 556 1907 Γράμματα
571 1830 722 1908 Καίσαρος.

229 1932 348 2003 Litore,
363 1951 429 2009 quce
441 1932 718 2011 subjectesuerant,
729 1932 860 2009 periere:
870 1934 1055 2010 fueruntque
1065 1929 1126 1989 illae
1139 1930 1220 2009 ιρυα,
1233 1950 1304 2009 quas

256 2083 259 2088 ⁴
315 2021 426 2087 postea,
441 2024 554 2070 auctore
570 2012 679 2083 Tacito,
695 2014 818 2071 Romam
832 2008 951 2069 attulere
966 2009 1211 2087 Aphrodisienses.

230 2122 403 2197 Excerptum
423 2121 629 2202 Psepiismatis
655 2122 885 2190 Stratonicensis,
905 2142 923 2179 υ
948 2120 1090 2180 Sherardo
1105 2120 1252 2181 Britanno
1272 2145 1306 2185 ee

271 2200 343 2258 Asia
358 2199 449 2269 attasi,
463 2214 491 2258 et
510 2222 528 2257 a
545 2200 690 2259 Chisltullo
711 2200 812 2259 ibidem
831 2223 864 2281 ρ.
883 2204 948 2259 156.
962 2200 1052 2259 editi:
1074 2201 1104 2259 in
1125 2220 1180 2279 quo
1202 2204 1306 2263 mentio

268 2277 355 2356 asyli,
370 2278 452 2356 cujus
461 2282 517 2356 jus
530 2280 580 2337 sub
600 2279 713 2338 Tiberio
726 2281 924 2358 deflecterent.

268 2387 331 2446 Ἐπὶ
341 2387 546 2480 Στερανηρόρου
556 2394 650 2447 Πτολε
661 2385 768 2466 (μαίουδ
784 2430 903 2449 .......
917 2390 1011 2462 (Διον)
1026 2385 1101 2447 υσίου
1111 2389 1305 2468 γραμματέως

234 2468 353 2538 (estes)
365 2466 415 2537 τῆς
424 2464 528 2543 βουλης
539 2467 667 2538 εἰπόντος,
676 2466 724 2544 τὴν
734 2467 815 2527 πόλιν
825 2464 1030 2547 ἄνωθεντηῑτῶν
1038 2464 1208 2545 πρυεστότων
1218 2470 1306 2545 αὐτῆς

231 2539 373 2622 μεγίστων
387 2542 467 2603 Θεῶν
485 2542 608 2626 (προνοίρι
629 2544 807 2629 χρυσαορέως
826 2541 891 2616 Διδς
904 2544 952 2605 καί
964 2544 1030 2619 Ἐκ)
1053 2546 1132 2622 α’της,
1148 2544 1179 2603 ἐκ
1192 2549 1305 2607 πολλῶν

232 2623 278 2681 καί
290 2624 432 2701 μεγάλων
446 2623 494 2683 καί
507 2624 636 2703 συνεχῶν
647 2624 774 2685 κινδύνων
789 2623 947 2693 σεσῶσθαι,
962 2622 999 2683 ὥν
1014 2623 1061 2684 καί
1073 2620 1113 2682 τοὶ
1126 2621 1184 2700 ἱεροὶ
1197 2622 1305 2695 οἶσυλα,

233 2700 279 2761 καί
293 2702 378 2760 ίκὲται
394 2702 440 2761 καί
452 2702 509 2783 ἱεροί
523 2704 690 2781 σόγκλητος,
703 2704 836 2782 δόγματι,
851 2710 887 2763 Σε
900 2702 1023 2779 (βαπτοῦ
1036 2700 1187 2779 Καίσαρος,
1202 2705 1261 2779 καί)
1275 2724 1306 2763 τε

233 2781 288 2838 τῶν
302 2777 397 2859 κυρίων
410 2778 552 2861 Ῥωμαίων
567 2781 673 2842 αἰωνίου
689 2782 794 2863 ἀρχῆς,
811 2780 973 2861 ἐποιήσαντο
993 2786 1139 2861 προρανεῖς
1160 2782 1305 2862 ἐναργείας

234 2868 293 2917 etc.
795 2884 797 2887 ·

267 3022 282 3052 ⁹
299 3014 414 3063 chishult
425 3024 505 3064 monet
516 3016 588 3064 videri
604 3018 715 3080 scriptum
725 3016 796 3065 fuisse
807 3020 835 3081 τῇ
847 3017 967 3083 δευτεροίᾳ,
978 3018 1018 3067 sed
1032 3017 1057 3065 id
1073 3030 1186 3065 unacum
1202 3016 1307 3067 infausto

233 3080 334 3130 Antonii
344 3079 438 3127 nomine
447 3090 470 3127 et
481 3081 594 3144 preconio
604 3080 673 3129 fisisse
683 3096 781 3129 erasum.
