3034 4967
439 237 457 294 J
463 232 548 291 ULlI
566 232 699 291 AGBlC.
719 232 820 291 Vlrn.
843 232 932 290 cnl‘.
947 235 1001 331 ,¹2⁴
1210 228 1244 283 15

204 390 323 461 orandis
337 396 443 460 eadem
458 394 601 459 formido.
631 393 708 455 Plus
727 392 965 455 tamen'ierociae
981 390 1123 455 Britanni
1220 407 1252 449 e·

205 492 290 557 runt,
315 494 351 544 nt
398 504 454 545 uos
479 479 618 543 nondum
640 476 733 563 longa
757 500 821 562 pax
842 474 1021 541 emollierit:
1048 496 1120 539 nam
1175 469 1251 535 allos

204 587 330 649 quoque
343 566 376 627 in
429 565 478 629 llis
498 563 637 627 floruisse
650 561 843 647 accepimus:
866 581 939 623 mox
954 558 1084 645 segnitia
1099 578 1172 654 cum
1186 554 1250 617 otio

204 648 342 727 intravit,
357 650 468 713 amissa
482 649 596 711 virtute
614 645 728 733 pariter
742 669 778 709 ac
799 646 957 718 libertate3
1006 643 1070 707 uod
1086 644 1252 706 Britanno-

204 755 275 795 rum
286 733 360 796 olim
371 734 459 797 victis
473 732 592 797 evenit:
613 730 704 795 ceteri
719 742 854 805 manent,
869 729 977 826 quales
1042 728 1077 790 lli
1089 726 1236 821 suerunt..

247 816 330 881 XII.
354 819 391 881 In
413 817 517 903 pedite
531 818 646 881 robur:
668 814 812 901 quaedam
832 828 970 878 nationes
988 828 1019 878 et
1032 833 1126 880 curru
1147 806 1252 895 proeli·

203 914 312 964 antur:
329 902 484 967 honestior
494 902 617 987 auriga3
633 899 758 963 clientes
767 911 976 985 propugnant.
1016 897 1100 962 Olim
1108 891 1252 974 Regibus

206 981 366 1069 parebant,
381 1010 465 1051 nunc
523 1008 539 1047 r
556 984 659 1050 Princi
700 1006 714 1045 s
735 983 922 1047 factionibus
940 997 971 1046 et
992 981 1102 1047 studiis
1121 976 1251 1074 trahun-

204 1084 273 1132 tur:
297 1092 353 1134 nec
366 1072 453 1135 aliud
467 1010 614 1135 aiiersus
628 1006 829 1132 vsiiiiissimas
842 1078 951 1153 gentes
962 1090 1021 1152 pro
1034 1066 1124 1130 nobis
1133 1062 1251 1159 utilius,

202 1176 297 1237 quam
312 1156 397 1240 quod
412 1157 444 1219 in
460 1176 623 1219 commune
637 1175 699 1216 non
714 1151 888 1216 consulunt.
934 1152 1039 1215 Rarus
1058 1149 1183 1215 duabus
1196 1160 1251 1209 tn·

203 1238 301 1301 busve
316 1238 492 1305 civitatibus
502 1239 542 1303 sd
556 1236 804 1335 propulsandum
816 1258 981 1300 commune
993 1234 1166 1322 periculum
1180 1252 1253 1295 oon·

203 1334 332 1386 ventus:
354 1323 408 1403 ita,
423 1324 501 1389 dum
516 1323 629 1409 singuli
642 1331 800 1407 pugnant,
813 1320 947 1384 universi
963 1320 1141 1384 vincuntur.
1178 1316 1251 1380 Coe-

202 1402 268 1467 luni
284 1408 397 1472 crebris
411 1408 564 1474 imbribus
577 1431 613 1471 ec
633 1405 756 1470 nebulis
776 1404 917 1471 ioedum:
938 1404 1086 1491 asperitas
1098 1402 1250 1488 frigorum

202 1490 298 1553 abest.
343 1492 474 1557 Diemm
495 1492 594 1579 spatio
615 1492 697 1555 ultra
712 1490 808 1553 nostri
828 1490 912 1554 orbis
929 1512 1118 1566 mensuram,
1138 1501 1171 1550 et
1189 1505 1252 1547 nox

233 1728 308 1773 Nunc
315 1743 359 1789 per
372 1730 506 1839 Pnnppcs]
521 1728 639 1791 Quicquid
649 1728 711 1777 dicat
740 1741 773 1784 re,
782 1741 871 1773 sermo:
889 1740 935 1773 non
943 1725 1096 1775 communiter
1106 1722 1168 1772 belia
1177 1734 1259 1785 gerere

175 1836 179 1843 ,
200 1790 357 1849 Borbomius,
368 1806 414 1838 non
467 1792 520 1849 ciet,
536 1800 563 1839 ut
578 1792 616 1840 hic
629 1791 711 1841 Tacito
740 1790 804 1837 dicit.
829 1789 989 1853 Igimrlegsm
1000 1803 1130 1837 commus.
1152 1786 1254 1833 idcoru·

198 1851 270 1899 iidem
286 1852 332 1899 sint
346 1856 429 1915 Reges,
443 1855 484 1918 qui
501 1858 638 1917 Principes:
655 1870 710 1902 nem
741 1853 872 1901 modecutn
881 1855 912 1901 sd
921 1853 1069 1911 construitur,
1081 1860 1109 1899 ut
1119 1851 1254 1898 cossesfire.

200 1918 315 1977 Princeps
330 1932 373 1979 pro
392 1917 466 1979 Rege,
483 1928 524 1963 sut
538 1934 574 1974 eo,
590 1919 632 1979 qui
650 1932 712 1966 unus
741 1916 836 1965 Sueton-
844 1916 948 1977 GabgAE.
956 1919 1064 1965 barbaros
1065 1919 1255 1979 summm·

199 1994 319 2027 summum
330 1980 455 2043 imperium
463 1993 609 2043 quocumque
619 1979 713 2029 nominc
743 1981 799 2024 risse
814 1981 845 2024 od
859 1980 980 2024 induem.-
998 1980 1040 2028 uhi
1050 1995 1072 2026 v.
1086 1978 1171 2025 Burin.
1185 1974 1254 2023 Add.

198 2042 295 2101 obtinet,
302 2052 354 2090 tum
365 2053 430 2090 extra
436 2044 537 2091 Romam
544 2058 612 2090 nemo
623 2042 712 2091 dicebs·
743 2041 852 2087 German
868 2056 889 2088 c.
903 2042 943 2088 33.
955 2049 1012 2089 extr.
1031 2041 1103 2090 Ense.
1125 2042 1254 2089 Comum

198 2114 252 2159 turs
265 2106 305 2153 sed
316 2107 339 2152 in
352 2107 437 2153 Grecis
447 2107 594 2169 barbarisque
633 2106 712 2155 nribus
742 2103 836 2167 Lipsius
846 2105 980 2165 conjecerat,
992 2106 1033 2154 sed
1044 2115 1097 2170 post
1106 2105 1191 2152 omisit.
1202 2104 1254 2151 Nec
1348 2124 1351 2129 ·

199 2172 315 2231 Princeps
321 2170 383 2234 apud
389 2168 575 2219 reteresIsatinos
599 2170 604 2181 “
624 2170 629 2180 ’
646 2170 711 2217 aliud
740 2182 808 2229 opus·
825 2168 874 2216 cie.
885 2168 1027 2231 proiiacins
1037 2184 1056 2217 c
1066 2172 1091 2217 o.
1101 2184 1131 2216 ea
1141 2174 1254 2215 moestis

198 2243 241 2291 est,
264 2248 335 2297 quem
357 2233 440 2297 aliquis
462 2248 590 2298 procerum,
610 2234 709 2297 optima·
741 2234 852 2293 vespere
862 2235 985 2293 operum.
1004 2234 1082 2283 cetur
1091 2232 1122 2282 B·
1134 2234 1166 2281 G.
1176 2236 1201 2292 2,
1215 2232 1253 2278 lii.

198 2292 267 2359 timp,
278 2297 407 2356 nobilium
424 2306 452 2344 ut
462 2298 575 2346 Ismenias
593 2299 709 2345 ibedcso-
740 2302 831 2357 tempus
838 2299 943 2345 intereos
950 2298 1108 2347 committendi
1112 2298 1254 2359 predicen-

199 2374 254 2405 mm
265 2362 390 2422 Princeps,
404 2361 557 2409 Aristotimus
573 2362 641 2409 etiam
656 2370 710 2410 sote
740 2366 840 2407 mear.
863 2360 926 2407 Dein
934 2361 959 2411 in
967 2362 1017 2410 loco
1024 2370 1110 2417 nostro
1117 2376 1164 2408 sos
1171 2374 1253 2407 mss·

196 2424 342 2485 tyrannidem
370 2432 503 2489 occupatam
528 2424 710 2489 Hellanicusqus
740 2424 793 2470 lune
804 2426 830 2470 in
840 2438 969 2482 commune,
977 2427 1032 2486 qaia
1040 2440 1097 2473 roro
1104 2427 1253 2483 munisse,

199 2488 325 2549 Principes
336 2489 476 2547 ostensum,
490 2488 609 2537 Miltiades
619 2492 709 2537 coeteri.
741 2486 778 2533 rel
789 2486 838 2534 rice
848 2502 918 2535 versa

197 2564 240 2609 que
250 2538 374 2613 Principes
386 2552 571 2612 Atheniensium,
584 2561 607 2601 et
616 2552 710 2601 Prisci·
772 2552 815 2597 rsa
830 2552 887 2598 dum
902 2553 993 2613 simii
1004 2554 1129 2616 mussi]
1145 2552 1253 2612 Dictum,

194 2628 238 2673 pes
255 2616 357 2663 civitatis
373 2617 515 2677 Aegusam.-
531 2616 555 2663 in
572 2616 647 2679 regnis
667 2618 709 2665 Sa-
740 2614 804 2677 quod
820 2623 874 2663 star
889 2625 966 2664 nocua
987 2624 1010 2663 et
1025 2617 1072 2665 alia
1087 2616 1251 2680 comprobarit.

163 2726 166 2730 ,
198 2684 281 2740 trapes,
300 2679 394 2739 Pistor,
412 2680 538 2741 praelectus.
559 2688 708 2755 purpuratus,
740 2678 1005 2742 Jususmusgmsao,
1016 2684 1037 2728 l.
1067 2682 1165 2729 creste
1171 2681 1257 2727 einim

197 2740 285 2788 amicus
301 2743 384 2805 regius.
416 2743 489 2803 Olim,
506 2743 591 2806 inquit,
602 2758 627 2791 in
643 2745 709 2793 certis
740 2744 1255 2807 res,eumtmperamngoioeosptsse.1m·

197 2805 298 2865 personis
308 2805 447 2869 familiisque
459 2807 616 2855 similabantur
629 2820 707 2870 regna,
735 2808 831 2867 perium
841 2821 919 2854 omnes
924 2810 1088 2869 perdiderant.
1123 2809 1216 2870 Quippe
1225 2810 1254 2855 iss

114 2920 118 2929 Ι
196 2877 275 2927 gentes
296 2870 450 2933 complurium
478 2886 508 2933 po
525 2871 618 2919 ulorum
645 2886 707 2919 com-
738 2872 1254 2932 metusmexitiumsinemodossenter,om·

196 2930 279 2992 plexa:
292 2932 354 2993 dein,
363 2943 496 2994 metusne,
508 2886 555 2981 law
564 2934 610 2982 illis
621 2935 707 2983 sutde-
738 2936 808 2981 sibus
819 2936 908 2997 perire,
920 2938 982 2997 quod
995 2938 1096 2998 singule
1109 2939 1253 2995 smmmst,

197 2994 314 3043 stitutione
335 2996 438 3057 sublatis,
462 2998 560 3045 dissiluit
578 2998 706 3047 validorum
738 3010 785 3045 soa
795 3000 843 3045 nisi
853 3008 1103 3061 opprersoesessersnt.
1135 3000 1211 3047 Line.

195 3057 289 3106 illorum
303 3075 424 3122 corporum
440 3062 525 3121 unitas,
543 3070 566 3109 et
575 3062 707 3109 distrahun-
770 3062 875 3109 Dkrsm
884 3066 972 3127 petie]
985 3065 1033 3111 Res
1044 3064 1113 3112 hodie
1121 3064 1199 3119 terties
1217 3071 1253 3110 st-

196 3129 241 3181 tur,
253 3131 321 3185 prout
329 3124 412 3186 aliqui
422 3140 544 3188 procemm
556 3134 579 3173 et
589 3126 706 3188 quondam
738 3140 784 3235 pue
799 3126 869 3173 etism
885 3126 928 3173 viri
944 3129 975 3193 ab
992 3127 1034 3174 illo
1050 3142 1106 3175 evo.
1150 3126 1253 3190 scriptor

196 3184 300 3247 Regibus
318 3188 477 3249 proximorum
489 3188 513 3235 vi
530 3196 554 3237 et
572 3189 660 3236 artibus
677 3190 707 3237 ad
760 3189 895 3252 anegyricus
912 3188 1063 3251 (Eumenius)
1080 3192 1110 3238 ad
1122 3188 1254 3240 Constanti

196 3246 299 3297 honines
309 3251 467 3313 adjungendos
475 3252 613 3316 clientesque
622 3258 706 3315 paran-
738 3266 806 3311 num,
824 3252 853 3300 de
869 3251 991 3302 Britannis
1009 3270 1029 3302 c.
1048 3257 1071 3303 9.
1095 3257 1255 3317 Longissimoe

195 3310 235 3359 dos
246 3313 405 3363 etretinendos
415 3314 507 3363 evaluit
527 3316 566 3364 Sic
571 3316 707 3365 Alexandro
738 3317 796 3377 dies,
813 3324 836 3364 et
851 3318 922 3365 nulle
937 3322 987 3367 sine
1002 3321 1083 3381 clipeo
1093 3322 1143 3367 lece
1157 3327 1234 3367 noctes
1241 3338 1253 3376 ‚-

195 3382 217 3420 et
227 3377 352 3437 majoribus
359 3380 409 3440 ejus
419 3378 524 3442 Regibus
531 3382 642 3454 parebant
650 3380 707 3428 Ma-
738 3381 795 3427 dum
806 3382 847 3427 illa
863 3383 961 3430 litorum
970 3390 1075 3431 extrema
1085 3386 1255 3445 planitierum

194 3438 304 3487 oedoues:
318 3442 706 3492 etsomortuoiactronibusetrtu-
738 3446 935 3503 aconensem,
947 3450 1064 3509 noctisque
1074 3452 1253 3497 metamcaeliet
1299 3458 1304 3467 '

99 3540 102 3548 ,
193 3500 706 3572 diisdistrahebnntur,donecpauci,oppres-
738 3509 843 3555 riderem
861 3514 952 3559 transit.
965 3513 1103 3573 adspectus:
1123 3528 1204 3561 csusss
1218 3522 1254 3561 ta·

193 3564 223 3611 sis
244 3566 301 3621 eliis,
321 3582 380 3617 nove
396 3585 466 3631 regna
488 3570 613 3617 firmarent.
658 3572 706 3619 Ta.
738 3586 793 3619 men
809 3572 872 3619 futili
882 3582 905 3621 et
918 3590 933 3621 s
948 3576 996 3623 solo
1013 3577 1093 3641 petits,
1105 3592 1158 3641 quse
1173 3593 1253 3625 revers

192 3628 556 3693 liseratstatusGalliae,cume
565 3638 705 3697 potentiori·
738 3637 819 3686 scole.
851 3636 1018 3689 Sednimirum
1034 3650 1110 3688 orstor
1123 3641 1252 3703 issep-iun

193 3692 706 3757 basiqueiis‚quiadconducendorlsomines
737 3702 1143 3769 ergutiolamanoetrobicsumpsit.
1161 3704 1253 3751 Plinius

182 3755 313 3817 facultates
329 3760 448 3819 habebnt,
462 3764 533 3823 vulgo
550 3777 624 3823 regna
639 3778 705 3811 occu.
737 3762 767 3811 de
776 3765 915 3829 longissmn
924 3766 1006 3815 diebus
1017 3770 1051 3817 Η.
1063 3770 1098 3817 Ν.
1111 3772 1136 3827 2,
1145 3768 1177 3822 76
1186 3766 1253 3825 (77)-

186 3826 313 3881 parentur,
325 3824 398 3872 verbis
412 3824 508 3873 (leceris
520 3828 545 3885 2,
558 3826 581 3872 l.
613 3828 704 3876 Giton.
736 3829 771 3874 In
781 3831 856 3877 Italia
871 3830 984 3879 horarum
1000 3835 1140 3895 quindecim,
1156 3833 1182 3876 in
1192 3832 1252 3878 Bri·

131 3904 135 3913 ·
223 3884 703 3957 Rerusduobnrtribusueeteeonuentur]
737 3895 818 3940 mnia
835 3898 1002 3957 septemdecim,
1019 3900 1059 3945 ubi
1075 3900 1154 3944 ceste
1170 3895 1253 3945 lucidoe

189 3944 340 4017 timuerante
352 3950 478 3999 Piehenam
487 3954 614 4015 nilusque.
638 3955 663 4002 Is
675 3970 704 4003 ex
736 3964 814 4003 neem
823 3960 886 4006 haud
896 3962 964 4009 dubie
974 3959 1182 4023 repromittuntid,
1192 3962 1254 4022 qnod

189 4014 396 4129 r.
409 4077 692 4143 ι,
736 4023 1253 4136 nm...

188 4134 248 4209 lium
264 4155 282 4186 s.
306 4151 445 4190 conventum
461 4143 663 4208 Amphictyonum
681 4154 704 4195 et
735 4149 796 4197 lucis
808 4102 907 4211 niseba,
924 4154 1025 4213 wiperto
1043 4156 1114 4201 terroe
1131 4098 1253 4201 ioum

189 4199 243 4255 alra,
260 4219 312 4266 quae
328 4204 375 4253 buc
392 4206 452 4255 trahi
467 4217 569 4270 possunt
603 4210 649 4258 Sed
666 4210 704 4259 hic
737 4214 879 4264 diesbabere
893 4218 955 4263 rents
970 4215 1093 4273 messibus,
1110 4224 1253 4279 wmspsee

188 4276 236 4311 non
247 4264 275 4316 de
284 4268 417 4333 rodenbus,
429 4271 579 4323 conventibus
594 4289 623 4323 ex
634 4274 704 4325 fede-
735 4278 828 4327 diverso
838 4282 869 4327 ad
879 4280 985 4327 trusncm
997 4287 1090 4331 amota
1110 4281 1190 4340 Quem
1201 4296 1251 4330 cor·
