3034 4967
589 593 751 677 JUSTI
782 595 957 680 LIPSll

646 757 899 895 EXClJRSUS

751 1009 791 1046 AD

496 1169 1036 1262 ANNALIUM

677 1405 754 1468 LIB.
776 1409 858 1467 XlV.

743 1763 773 1820 Α

683 1917 777 1976 CAP.
797 1917 838 1976 ΙΙ.

262 2077 395 2138 Taunus
409 2077 497 2148 enim,
512 2089 544 2137 ut
558 2075 642 2135 tarde
655 2074 814 2154 aliquando
826 2077 966 2152 iuventus
986 2087 1086 2135 nostro
1100 2077 1205 2149 discat,
1241 2079 1291 2139 oid

220 2157 397 2235 tempestiva
410 2157 554 2225 convivio,
569 2155 640 2234 quid
659 2154 872 2233 intempestiva.
911 2153 1024 2223 Discat,
1039 2166 1070 2213 et
1083 2098 1290 2228 dediscatllla,

221 2256 288 2315 quae
308 2256 402 2315 nuper
420 2237 518 2296 hausit
537 2255 555 2294 a
575 2232 688 2312 magnis
708 2233 864 2311 magistris.
904 2232 1009 2304 Aiunt,
1029 2233 1194 2294 convivium
1214 2247 1291 2295 tem-

220 2314 365 2392 pestivum
380 2334 455 2385 esse,
465 2313 547 2394 quod
560 2326 693 2391 tempore
705 2312 887 2372 celebretur:
901 2313 992 2371 verbo
1007 2331 1098 2391 reque
1111 2314 1287 2377 honestum:

219 2413 277 2453 nec
297 2394 326 2451 in
340 2394 412 2452 vitio
424 2395 494 2472 poni
518 2411 666 2471 umquam,
687 2392 741 2450 nisi
759 2391 790 2449 in
809 2391 891 2450 libris
904 2390 1022 2450 vitiatis.
1064 2392 1147 2452 Ecce
1161 2394 1220 2464 alii,
1236 2397 1286 2474 qui

217 2473 427 2550 tempestivum
441 2472 563 2531 nihilum
577 2470 693 2530 differre
707 2470 807 2529 dicant
820 2471 858 2528 ab
872 2469 1095 2548 intempestivo:
1110 2483 1141 2530 et
1154 2472 1184 2530 in
1198 2473 1246 2532 cul
1268 2495 1287 2535 a

218 2551 350 2611 babitum
365 2563 531 2631 utrumque.
565 2549 699 2609 Tertium
712 2548 784 2619 vidi,
798 2548 848 2628 qui
863 2548 996 2608 convivia
1010 2551 1185 2628 tempestiva
1197 2571 1234 2611 ve
1257 2565 1288 2614 et

217 2649 293 2701 esse,
304 2646 370 2710 quae
383 2630 466 2691 statis
480 2629 629 2707 certisque
642 2629 824 2708 temporibus
836 2627 1003 2707 praeberent
1018 2628 1205 2689 Sacerdotes.
1237 2633 1286 2692 lo·

217 2709 331 2770 ducunt
344 2723 375 2770 et
387 2711 552 2770 seducunt:
573 2707 674 2768 audite
687 2727 744 2778 me,
762 2710 897 2799 juvenes,
912 2717 944 2765 et
957 2726 1025 2766 cum
1042 2709 1121 2768 bono
1134 2710 1286 2771 Mercurio

215 2788 287 2848 inite
296 2787 373 2850 viam
386 2800 508 2848 rectam.
528 2787 675 2866 Legitima
686 2786 811 2846 convivii
822 2787 894 2846 hora
904 2785 985 2864 apud
996 2786 1147 2846 Romanos
1160 2789 1282 2866 priscos,

213 2868 259 2928 sol
272 2887 405 2928 occasus.
446 2867 598 2926 Salvianus
617 2871 688 2935 1,2.
729 2865 808 2925 Num
827 2866 879 2925 nid
888 2885 1009 2940 peream
1023 2863 1100 2926 an
1114 2879 1179 2926 tnnc
1195 2890 1282 2948 ngre-

214 2959 339 3027 stemqse
348 2948 432 3008 vitam
441 2967 504 3006 cum
514 2944 623 3024 gemitu
637 2959 667 3004 et
677 2943 774 3004 dolore
784 2958 812 3004 to
856 2944 952 3012 abant
964 2964 1026 3003 curn
1037 2945 1106 3004 viles
1119 2966 1152 3004 ne
1164 2949 1283 3008 rusticos

213 3026 288 3086 eibos
301 3039 366 3086 ante
379 3028 460 3106 ἱρεοε,
471 3026 569 3106 quibus
579 3037 723 3094 nonerunt,
729 3027 817 3103 socos
826 3035 964 3082 sumerent
970 3024 1072 3102 eosque
1082 3024 1157 3102 ipsos
1171 3047 1282 3106 cupere,

212 3106 267 3165 nisi
281 3105 321 3164 ad
337 3125 492 3184 semerom,
512 3127 565 3164 non
585 3105 710 3164 liceret?
749 3103 865 3180 Itaque,
881 3100 950 3178 quia
968 3121 1091 3179 vespere
1105 3123 1196 3172 caena,
1211 3103 1280 3164 ideo

232 3183 360 3258 roverbii
373 3185 467 3242 lbrma
479 3184 508 3240 in
524 3173 627 3242 Plauto'
641 3181 705 3242 Mil.
719 3181 803 3241 Glor.
816 3185 846 3250 4,
860 3182 891 3248 2,
903 3184 933 3239 ὃ.
946 3180 981 3238 de
994 3201 1107 3260 vespere
1119 3182 1277 3245 sancivere.

210 3203 322 3322 lostea
335 3273 434 3320 autem
448 3260 564 3321 decima
575 3261 676 3320 haberi
689 3272 797 3340 coepta.
839 3260 926 3320 Clare
940 3278 980 3316 ex
993 3258 1152 3320 Cornificio
1166 3262 1204 3320 ad
1215 3262 1278 3323 He·

211 3341 356 3412 reonium,
372 3341 422 3400 ubi
436 3340 578 3400 describit
591 3341 740 3400 hominem
750 3358 825 3398 vane
838 3338 999 3417 gloriosum
1011 3343 1041 3409 4,
1054 3343 1103 3398 51.
1123 3341 1152 3400 ls
1166 3341 1205 3399 od
1215 3362 1277 3412 eos,

210 3441 284 3498 quos
299 3431 456 3480 vocaverat
468 3421 507 3478 ad
522 3439 634 3480 caenam
653 3440 712 3479 non
732 3421 762 3477 in
783 3437 851 3476 suas
864 3416 960 3478 aedesz
981 3418 1090 3478 Itane?
1109 3441 1214 3489 eamus,
1233 3421 1278 3482 in·

228 3499 278 3568 nit,
292 3499 424 3580 hospites.
463 3499 567 3559 Frater
580 3501 656 3559 uenit
668 3519 704 3558 en
719 3497 836 3558 Solerno
844 3523 854 3557 :
860 3517 922 3636 ,εἴ
936 3493 980 3556 illi
992 3497 1100 3557 olnam
1109 3519 1212 3579 pergo,
1227 3523 1276 3563 vos

208 3521 262 3638 lai:
271 3579 379 3639 decim
391 3579 519 3639 venitote.
538 3579 673 3658 Hospites
685 3578 846 3638 discedunt:
865 3575 872 3587 ⁰
918 3596 948 3634 ee
961 3577 1064 3657 raptim
1073 3578 1184 3638 domum
1196 3601 1276 3639 snam

210 3657 339 3735 conficit:
360 3658 407 3717 illi
420 3657 539 3728 decima,
553 3678 608 3737 quo
619 3657 759 3735 jusserat,
774 3655 896 3715 veniunt.
936 3653 976 3713 Et
989 3656 1029 3715 ab
1043 3669 1191 3717 comente
1206 3659 1273 3715 Phi-

207 3735 304 3814 lippus
318 3735 469 3796 Vulteium
482 3736 618 3806 invitans,
632 3735 711 3828 apud
727 3736 833 3794 Horat.
846 3736 901 3812 Ep.
918 3739 943 3802 13
959 3736 987 3804 7,
1001 3739 1049 3798 71.
1084 3737 1156 3795 Post
1169 3758 1272 3796 nonam

207 3816 316 3876 uenies.
329 3861 335 3876 .
346 3857 353 3872 .
364 3815 429 3874 lmo
442 3816 556 3874 actuosi
576 3817 710 3875 homines
728 3825 759 3872 et
776 3813 908 3872 forenses
927 3825 996 3891 post
1009 3814 1155 3874 decimam
1174 3834 1255 3894 saepe
1263 3843 1274 3890 ;

204 3894 343 3972 quoniam
356 3913 403 3953 res
414 3906 445 3953 et
452 3894 565 3972 Judicia
577 3895 607 3953 in
619 3895 685 3954 foro
697 3893 832 3952 exercita
843 3891 882 3951 ad
895 3889 1040 3952 decimam
1052 3892 1165 3963 horum,
1177 3894 1220 3953 uti
1234 3916 1274 3956 ex

204 3971 366 4032 Miloniana
376 3973 498 4032 Asconii
512 3973 618 4034 discas.
638 3973 682 4032 Ar
695 3970 814 4032 labente
828 3971 955 4048 Imperio
966 3972 1156 4048 moribusque
1170 3986 1276 4036 octava

203 4050 277 4110 bora
290 4052 388 4112 balnei
401 4051 502 4110 baberi
517 4064 626 4131 coepta,
645 4070 723 4110 nona
736 4051 800 4130 ipsa
813 4069 909 4108 caenae.
950 4049 1061 4107 Plinius
1075 4051 1113 4108 de
1127 4053 1275 4130 Spurinna

203 4127 260 4208 Ep.
271 4133 300 4201 8,
314 4137 339 4191 l.
365 4129 419 4190 Ubi
427 4130 498 4189 horo
509 4130 599 4192 balnei
611 4131 744 4190 nunciata
756 4138 808 4200 est,
821 4131 875 4204 (eet
885 4139 977 4188 antem
985 4127 1074 4188 hieme
1082 4150 1164 4200 nono,
1175 4143 1274 4194 oestnte

201 4211 316 4284 octavo)
332 4212 362 4270 in
374 4207 678 4280 salsamentorum,
690 4212 764 4269 lotus
772 4209 896 4268 neem.
915 4207 1059 4266 Martialis
1072 4222 1180 4286 praeter
1190 4212 1273 4272 locos

198 4286 275 4347 alios
289 4287 391 4368 Epigr;
405 4293 435 4359 4,
448 4292 475 4349 8.
502 4291 627 4370 Imperat
639 4301 794 4348 exstructor
805 4288 957 4423 srnnferc
968 4307 1042 4346 nona
1057 4287 1158 4349 thoros.
1184 4292 1273 4350 Hanc

200 4365 304 4426 boram
322 4367 373 4446 qui
393 4367 621 4446 praeveniebant,
641 4367 816 4448 tempestive
831 4386 889 4444 epu
901 4366 942 4425 ari
961 4364 1138 4426 dicebantur
1152 4380 1183 4428 et
1196 4387 1272 4448 proe·
