3034 4967
266 256 303 314 aa
363 286 367 297 .
502 248 611 310 Junn
633 247 893 307 sosimus.
915 246 1004 309 cnr.
1023 252 1073 309 aa.

272 411 424 478 caritatis:
442 430 519 497 quae
533 411 588 475 ubi
601 410 777 488 removeris,
791 408 848 496 qui
862 410 973 475 timem
982 409 1257 487 desierint,·odisse
1275 408 1324 473 io·
1342 454 1346 461 ·

274 497 398 584 cipient.
441 496 559 561 Omnia
572 496 708 561 victoriae
727 495 926 559 incitamenta
937 518 997 583 pro
1010 495 1099 560 nobis
1112 504 1204 559 sunt:
1225 493 1322 559 nulioe

273 582 434 647 Romanos
447 568 595 669 coiijugcs
615 576 808 645 accendunt:
830 579 908 645 nulii
927 593 1071 667 penates
1082 580 1191 666 fugam
1211 601 1323 665 enpro-

273 666 393 731 bratnri
408 678 497 729 sunt:
512 679 568 729 aut
579 664 664 729 nulia
675 664 831 751 plerisque
840 664 955 750 patria,
965 677 1021 729 aut
1033 664 1104 741 alia,
1116 678 1172 728 est.
1201 666 1324 727 Paucos

273 772 413 827 numero,
428 750 564 849 trepidos
577 750 761 835 ignorantia,
775 750 888 813 coelum
909 749 1011 835 ipsum
1025 773 1061 813 ac
1074 770 1159 813 mare
1172 762 1205 811 et
1218 748 1322 825 siivas,

274 835 380 920 ignota
397 856 501 901 omnia
514 835 812 920 circumspectantes,
825 834 945 897 clausos
958 832 1187 920 quodammodo
1200 856 1237 897 ac
1255 833 1324 895 vin·

274 934 339 983 ctos
352 918 406 983 Dii
423 920 511 983 nobis
519 920 729 983 tradiderunt.
784 920 836 981 Ne
848 932 963 981 terreat
976 940 1076 982 vanus
1095 918 1270 1004 adspectus,
1291 931 1325 979 et

274 1004 340 1069 auri
357 1004 461 1091 fulgor
475 1019 570 1090 atque
581 1004 710 1088 argenti,
724 1002 811 1087 quod
832 1024 933 1087 neque
947 1002 1033 1088 tegit,
1055 1025 1157 1088 neque
1169 1000 1323 1066 vulnerat.

276 1092 316 1153 In
335 1090 402 1175 ipsa
423 1088 558 1153 hostium
577 1090 641 1151 acie
660 1088 853 1151 inveniemus
872 1100 991 1151 nostras
1009 1109 1134 1151 manus:
1156 1102 1323 1173 agnoscent

274 1175 415 1237 Britanni
430 1196 516 1237 suem
532 1195 655 1237 causam
667 1196 674 1235 ε
698 1171 944 1238 recordabuntur
956 1171 1042 1236 Galli
1054 1172 1189 1258 priorem
1198 1171 1323 1236 liberta·

214 1248 221 1261 ⁸
274 1275 357 1323 tem:
381 1260 522 1323 deserent
540 1257 608 1321 iilos
628 1238 721 1321 deteri
744 1256 904 1333 Genuam,
927 1271 1084 1343 tamquam
1104 1279 1206 1343 nuper
1220 1255 1278 1321 Usi
1300 1257 1324 1321 ii

274 1344 473 1430 reliquerunt.
504 1342 574 1406 Neo
587 1341 761 1427 quidquam
775 1340 858 1407 tdtra
870 1341 1061 1416 formidinis:
1078 1364 1175 1405 vacua
1187 1354 1270 1405 caste

274 1450 381 1491 senum
401 1426 539 1504 coloniae,
558 1426 638 1489 inter
663 1425 743 1489 male
765 1440 909 1522 parentes
929 1438 960 1489 et
985 1426 1102 1490 in'uste
1124 1425 1321 1525 imperantes,

195 1557 203 1571 .
273 1536 357 1610 agra
374 1511 540 1599 municipia
552 1523 584 1575 et
597 1509 820 1607 discopdantra:
843 1510 894 1574 hic
918 1511 1006 1587 Dux,
1015 1450 1072 1573 iic
1083 1523 1255 1575 exercitus:
1276 1511 1321 1574 ibi

273 1598 392 1662 tributa
404 1610 435 1659 et
449 1595 572 1663 metalla
585 1608 617 1659 et
629 1607 739 1659 ceteroe
753 1594 952 1659 servientium
966 1617 1085 1679 prenae,
1099 1604 1180 1679 quas
1192 1596 1225 1657 In
1235 1607 1323 1658 aeter-

273 1704 348 1749 num
365 1681 511 1779 perferre,
526 1693 582 1744 aut
596 1680 699 1743 statim
708 1677 823 1757 ulcisci,
837 1680 870 1742 in
884 1676 943 1742 hoc
953 1701 1064 1765 campo
1074 1692 1129 1742 est
1174 1679 1323 1757 Proinde,

273 1766 349 1830 ituri
364 1789 395 1829 in
410 1766 518 1841 aciem,
530 1776 560 1829 et
576 1766 708 1850 majores
721 1778 841 1827 vestros
854 1778 887 1827 et
898 1776 1038 1849 posteros
1051 1763 1214 1848 cogitate.”

305 1851 484 1914 XXXIII.
500 1854 660 1935 Excepere
671 1850 837 1913 orationem
846 1848 960 1912 alacres
971 1860 1002 1911 et
1012 1848 1137 1913 barbari
1146 1848 1240 1912 moris
1250 1872 1324 1912 can-

271 1952 307 2001 tu
322 1948 352 2001 et
366 1936 503 2013 fremitu,
519 1933 767 2019 clamoribusque
777 1933 915 1997 dissonis.
949 1935 1086 2019 Jamque
1093 1933 1218 2017 agmina
1228 1947 1260 1997 et
1272 1956 1322 1997 er-

270 2043 392 2085 morum
407 2020 554 2106 fulgores,
569 2018 781 2081 audentissimi
803 2019 956 2102 cujusque
973 2040 1144 2105 procursu:
1170 2018 1261 2082 dmul
1277 2018 1324 2081 in-

269 2104 570 2173 struebanturacies;
586 2122 656 2163 cum
668 2100 827 2186 Agricola,
836 2123 1026 2185 quamquam
1036 2100 1143 2165 Iaetnm
1151 2103 1245 2164 etvix
1253 2126 1322 2166 mu·
1344 2115 1350 2124 '

187 2206 194 2221 ‘
271 2188 415 2254 nimentis
425 2185 602 2262 coercitum,
613 2183 740 2247 militem
754 2184 945 2262 adhortatus,
962 2185 1005 2248 ita
1015 2184 1178 2248 disseruit:
1196 2194 1217 2224 “
1230 2190 1324 2252 Octa-

307 2339 573 2401 Qcitbnsrcdcsioriat]
590 2337 780 2397 Neomale,qnos
836 2340 937 2398 Jamque
945 2338 1322 2399 agnaaaetarmoramsulgorca]

270 2404 480 2452 tt'mcrcdeaieriat.
511 2402 586 2451 lars.
811 2401 922 2463 Fulgores
937 2415 1054 2448 armorum
1070 2402 1135 2462 capis
1152 2400 1181 2447 de
1197 2401 1325 2456 vibratione

304 2468 559 2531 Corp'agescccmdaat]
572 2463 780 2513 Eddantelihem
810 2480 927 2512 armorum
943 2464 967 2512 in
983 2463 1096 2529 principio
1105 2478 1197 2527 pugne.
1232 2466 1284 2513 liv.
1300 2471 1323 2522 t,

269 2534 330 2581 maie
340 2533 456 2579 accedunt.
481 2531 554 2578 Eas.
672 2554 675 2563 ·
811 2530 851 2575 25.
867 2536 895 2575 at
917 2531 995 2590 priam
1014 2531 1095 2577 statim
1113 2543 1226 2576 camaras
1245 2532 1321 2577 tarre-

302 2597 354 2645 Aat
370 2596 559 2656 aucupumque
569 2594 778 2654 patrimonialia,
807 2607 881 2653 praere
894 2608 970 2648 orma,
989 2594 1144 2653 micantesque
1151 2593 1245 2654 sultare
1266 2595 1322 2654 glo.

269 2663 319 2721 estj·
329 2659 423 2719 Quibus
433 2660 496 2706 scilla
505 2660 655 2719 patriacum
664 2656 779 2714 Britanni,
811 2658 854 2703 dii.
887 2656 950 2703 Nam
960 2656 994 2703 ita
999 2656 1050 2718 oapi
1061 2656 1179 2719 postithnt
1188 2658 1321 2710 immeab-

270 2724 382 2773 Romanis
390 2723 493 2784 partibus
503 2721 594 2769 addicti.
611 2720 681 2767 Ean.
808 2721 877 2779 jecta,
893 2722 1056 2768 cadentinimi
1072 2724 1182 2783 cujusque
1193 2734 1324 2782 procum.

303 2791 394 2835 Paucos
409 2787 517 2849 numero]
536 2786 608 2847 bego,
624 2798 739 2835 naawroa.
756 2791 779 2829 et
810 2784 879 2833 Alias
893 2784 969 2846 fulgor
984 2798 1102 2831 umorum
1117 2784 1187 2832 etiam
1203 2784 1248 2831 dici
1264 2787 1322 2841 solet

269 2848 779 2978 manumittentibus
810 2846 1324 2961 insinuantium

339 2950 345 2962 ι
561 2941 567 2953 ·
946 2943 953 2965 p
1083 2944 1090 2957 a
1123 2943 1130 2956 ο
1308 2943 1320 2955 ι

267 2980 499 3042 pertinesautquam
507 2978 553 3024 vim
564 2976 650 3024 habet?
673 2975 779 3023 Anseri·
809 2975 887 3023 daiua.
921 2976 982 3022 Mox
999 2976 1157 3022 inducebatur
1170 2975 1243 3024 MSS.
1261 2977 1317 3026 Vst-

267 3044 314 3107 psit
323 3044 418 3091 Tacitus
424 3042 530 3087 rivium?
548 3041 611 3089 Nam
618 3040 779 3101 intelliguntur
811 3039 881 3086 Ean.
1091 3080 1094 3087 .

266 3122 322 3155 sane
337 3108 360 3154 in
378 3106 458 3171 primis
472 3105 574 3152 cithortes
588 3103 780 3166 legionumque
839 3104 1114 3167 Munemadtacratas]
1126 3102 1322 3165 Voxptaaietme

267 3179 322 3219 sunt
329 3171 435 3219 ecivibus
444 3168 563 3216 Romunis.
577 3168 649 3214 Ean.
666 3166 777 3215 Mutmdi
809 3168 902 3224 excidit,
912 3168 1011 3215 milium
1021 3169 1150 3214 nomadum
1157 3168 1233 3215 adbuc
1243 3174 1320 3227 raim,

267 3235 369 3297 pruritus
378 3234 456 3281 doctos
471 3233 495 3279 in
506 3232 550 3279 hoc
561 3231 636 3277 Taciti
650 3230 729 3277 libello
740 3244 779 3277 ve»
808 3232 1011 3289 sustentandam,
1023 3230 1070 3279 sive
1080 3230 1144 3280 sh'ud
1155 3231 1208 3279 tale.
1241 3232 1318 3280 lars.

268 3306 317 3345 xat.
351 3298 422 3346 Recte
432 3298 495 3343 Brot.
504 3295 564 3343 batt
574 3294 629 3357 Bip
637 3293 734 3355 priscam
744 3294 778 3340 le-
810 3295 1321 3355 Tenubam,qucmquam1oetametviama-
1345 3307 1348 3311 '

266 3361 364 3408 ctionem
372 3370 513 3407 tenentsano
521 3372 596 3407 sensu.
620 3359 779 3405 Circumante
808 3361 919 3417 atmcata's
935 3360 1058 3404 coercitam
1069 3359 1170 3405 militem
1182 3361 1322 3410 smmum

266 3427 367 3487 trepidos
383 3423 470 3481 tielevi5
487 3438 516 3470 ex
533 3420 636 3485 sequenti
652 3420 712 3468 linea
730 3420 777 3469 huc
808 3420 1321 3487 ras,tcadaseratt.t}aon.1nauperioribus

265 3488 304 3537 inr
333 3489 368 3536 sit.
556 3526 559 3530 .
595 3524 599 3533 .
808 3486 860 3533 edd
877 3485 978 3533 Gronov.
995 3485 1070 3533 editur
1085 3490 1319 3549 qsmaquam-miii.

325 3554 421 3598 liiawbis
428 3548 586 3615 tradiderunt]
598 3549 648 3607 Qui
658 3545 717 3596 alii?
731 3548 777 3597 im·
807 3557 858 3597 tam
869 3552 985 3606 militem,-
1001 3550 1065 3613 quod
1074 3549 1173 3612 intdiigi
1181 3564 1229 3598 non
1237 3559 1319 3613 potest.

267 3630 374 3672 movero,
381 3618 437 3672 Dat,
445 3630 537 3678 repone,
548 3614 660 3669 meafide,
671 3621 694 3661 et
702 3615 776 3674 jussu.
806 3615 915 3663 Arbitror
925 3622 1032 3661 merccte
1046 3615 1174 3662 conasse.
1207 3614 1319 3663 Gronovii

268 3683 343 3730 ers.
360 3680 456 3743 Recepit
464 3679 572 3727 Pichena
592 3677 663 3725 Ean.
807 3692 874 3725 mens
883 3677 943 3725 fuit:
960 3690 1007 3726 non
1016 3692 1075 3740 opus
1086 3692 1135 3726 esse
1148 3677 1322 3728 videbaturad·

299 3747 388 3793 Secum
395 3746 499 3807 nobaia]
512 3745 628 3804 Senesper
634 3750 776 3789 contemtum
807 3741 893 3789 hortari
909 3741 1013 3795 militem,
1031 3740 1072 3804 qui
1088 3757 1137 3804 prae
1152 3741 1318 3806 aviditate-pu.

267 3820 333 3856 vocat
344 3817 461 3857 veteranos
471 3818 494 3855 et
508 3806 621 3865 emeritos,
633 3805 674 3869 qui
690 3806 736 3853 fere
751 3806 777 3852 in
807 3804 980 3867 gnandicastris
990 3805 1031 3852 vix
1041 3806 1137 3855 coeroeri
1146 3814 1238 3867 possem
1255 3807 1321 3870 quod

266 3874 360 3921 coloniis
369 3871 479 3920 oollorati.
513 3872 665 3933 AEgrcporm
675 3872 776 3916 insaniei·
807 3869 917 3917 convenit.
928 3868 963 3926 iis,
974 3884 1028 3931 quse
1037 3868 1099 3917 dicta
1109 3878 1164 3917 sunt
1174 3884 1194 3917 c.
1209 3873 1251 3919 at.
1265 3872 1316 3920 iuis.

263 3934 776 4060 attrttnmatttttttttr
807 3932 1318 4060 mimda}

265 4070 299 4110 tea
310 4078 386 4123 aegras
396 4017 420 4109 ei
426 4066 535 4111 labantes.
807 4062 916 4116 dcadurit,
923 4059 986 4124 quod
997 4059 1062 4108 Brut.
1073 4061 1190 4122 expressit
1221 4062 1319 4110 Adher..

293 4126 357 4182 Qum
365 4129 390 4172 ba
397 4132 510 4174 aewmaum
513 4127 633 4189 [πψτη]
644 4124 681 4172 De
688 4124 777 4171 Roma·
806 4130 871 4171 rasa
881 4140 896 4171 a
907 4124 989 4175 Gmtio
1004 4132 1047 4182 est,
1063 4132 1180 4186 receptum
1197 4132 1220 4171 et
1235 4126 1317 4191 attip.

264 4190 376 4237 meinati
381 4191 497 4252 proflare,
504 4201 531 4238 ut
538 4190 664 4237 Rhenanus
670 4188 776 4245 monuit;
807 4189 892 4235 Adbuc
902 4195 969 4235 ratas
978 4187 1054 4250 friget,

265 4253 309 4301 nisi
325 4252 393 4299 malis
405 4255 519 4315 perferre,
531 4254 637 4302 uthabet
653 4252 706 4299 MS.
718 4251 774 4299 Vas.
841 4254 941 4299 Oricum
954 4267 1029 4299 sam
1041 4251 1319 4316 melundensium.

264 4318 337 4365 Ean.
369 4316 460 4375 Quidni
477 4317 599 4365 audiamus
616 4316 776 4365 Vaticanum?
806 4318 836 4363 ab
847 4316 942 4363 introitu
951 4314 1028 4363 moin
1044 4314 1193 4378 provinciam,
1203 4324 1226 4363 et
1241 4317 1271 4367 sd
1281 4332 1317 4368 ses

262 4381 365 4450 Reposui
376 4379 495 4448 aumBip.
804 4388 935 4444 suasaptat.
955 4379 1029 4430 Idas.
1052 4377 1123 4430 Add-
1131 4381 1317 4443 vuitSeptiasas.
