3034 4967
528 255 749 320 nitrosus.
770 226 918 322 canas.
1208 263 1257 319 oa

110 469 116 478 .
193 417 430 499 sarii'etaemuli,
447 417 538 498 ferro,
553 420 765 497 non'rudibus,
776 419 977 487 dinricautes:
997 419 1053 484 sed
1066 419 1257 484 auditorium

193 525 258 567 sem
325 504 464 590 plenum,
484 527 604 592 semper
622 518 748 584 novum,
768 527 808 568 ex
827 504 940 568 invidis
961 520 993 571 et
1008 505 1198 580 faventibus,
1221 519 1258 568 ut

192 609 249 652 nec
259 526 340 652 bibe
357 590 440 654 dicta
454 589 731 654 dissimularentur.
776 589 867 653 Scitis
887 591 982 668 enim,
1004 610 1150 674 magnam
1172 589 1257 652 illam

192 690 224 736 et
238 672 420 750 duraturam
441 673 625 759 eloquentiae
646 673 763 737 famam
782 695 845 742 non
867 673 969 737 minus
987 674 1021 737 in
1039 673 1170 738 diversis
1185 674 1258 736 sub·

193 756 284 825 selliis
301 759 414 844 parari,
433 780 529 844 quam
549 757 632 820 suis:
654 758 731 843 quin
746 757 841 820 immo
855 758 1045 822 constantius
1060 781 1187 854 surgere
1200 756 1257 834 ibi,

191 841 314 906 fidelius
338 841 545 906 conroborari.
590 844 710 928 Atque,
733 840 870 919 hercule,
891 842 950 906 sub
969 843 1123 928 ejusmodi
1143 865 1259 940 praece·

193 926 335 1010 ptoribus
354 927 480 1013 juvenis
500 925 563 1003 ille,
586 926 627 990 de
668 925 891 1010 uoloquimur,
905 942 1064 992 oratorum
1078 927 1153 990 discr
1178 927 1257 1005 ulus,

190 1009 251 1072 fori
279 1011 414 1088 auditor,
443 1022 573 1074 sectator
596 1010 800 1109 ju'lciorum,
829 1010 972 1076 eruditus
1000 1023 1032 1076 et
1061 949 1258 1074 adsueiactus

192 1093 297 1158 alienis
310 1094 539 1182 experimentis,
561 1115 623 1171 cm,
645 1093 786 1180 quotidie
805 1094 957 1173 audienti,
978 1109 1061 1160 notae
1081 1095 1176 1180 leges,
1195 1117 1259 1160 non

192 1179 263 1242 novi
272 1179 416 1266 judicum
425 1179 543 1255 vultus,
555 1179 702 1264 frequens
712 1179 744 1241 in
754 1178 852 1244 oculis
859 1180 1054 1244 consuetudo
1063 1179 1259 1261 concionum,

190 1286 273 1350 saepe
298 1265 430 1350 cognitae
453 1263 564 1350 populi
588 1277 690 1341 aures,
716 1263 786 1326 sive
813 1263 1044 1328 adcusationem
1073 1277 1259 1349 susceperat,

190 1347 255 1412 sive
269 1349 488 1426 defensionem,
510 1349 594 1412 solus
606 1348 711 1412 statim
727 1360 759 1412 et
774 1370 857 1411 uuus
871 1347 962 1412 cuicu
1018 1371 1058 1414 ue
1071 1371 1188 1414 caussae
1201 1370 1259 1434 par

190 1446 266 1498 erat.
311 1430 523 1498 Nonodecimo
546 1433 645 1496 artatis
670 1454 752 1496 anno
782 1433 822 1496 L.
849 1435 979 1500 Crassus
1034 1481 1041 1497 .
1070 1429 1259 1508 Carbonem,

190 1541 255 1580 nno
270 1530 301 1582 et
315 1517 457 1582 vicesimo
473 1519 580 1581 Caesar
595 1516 802 1594 Dolabellam,
817 1516 915 1581 altero
927 1530 960 1581 et
972 1516 1118 1582 vicesimo
1130 1517 1259 1582 Asinius

191 1601 294 1668 Pollio
309 1604 351 1666 C.‘
364 1605 525 1679 Catonem,
542 1623 603 1670 non
619 1601 719 1668 multo
733 1614 826 1666 aetate
839 1602 1023 1669 antecedens
1038 1601 1156 1665 Calvus
1170 1602 1259 1666 Vati-

191 1685 289 1763 nium,
303 1687 341 1751 iis
355 1687 545 1752 orationibus
566 1687 723 1772 insequuti
746 1701 830 1765 sunt,
853 1704 931 1773 quas
945 1686 1099 1772 hodieque
1114 1709 1187 1752 cum
1203 1686 1260 1751 ad·

188 1771 356 1838 miratione
370 1771 510 1856 legimus.
935 1827 941 1839 .

233 1855 384 1919 XXXV.
409 1855 455 1917 At
476 1877 559 1916 nunc
579 1855 797 1920 adolescentuli
819 1856 916 1920 nostri
929 1857 1129 1921 deducuntur
1141 1857 1175 1918 in
1194 1879 1258 1918 sce·

189 1963 247 2007 nas
261 1938 522 2014 scholasticorum,
544 1938 600 2023 qui
614 1939 752 2000 rhetores
767 1952 937 2010 vocanturt
963 1961 1043 2024 quos
1063 1938 1170 2087 paullo
1187 1951 1260 2002 ante

191 2023 352 2088 Ciceronis
367 2030 518 2108 tempora,
529 2020 690 2099 exstitisse,
713 2043 770 2085 nec
789 2020 941 2106 placuisse
954 2022 1063 2107 majori
1087 2046 1124 2086 us
1132 2023 1259 2102 nostris,

76 2133 86 2152 ⁸
188 2131 228 2172 ex
245 2132 283 2172 eo
298 2107 495 2172 manifestum
510 2118 565 2183 est,
577 2106 674 2191 quod,
691 2106 731 2168 L.
745 2106 859 2170 Crasso
868 2118 900 2171 ct
908 2106 1048 2170 Domitio
1060 2107 1258 2186 censoribus,

191 2192 387 2268 “cludere''
408 2206 444 2255 ut
465 2191 508 2255 ait
530 2190 650 2268 Cicero,
674 2189 820 2254 “ludum
842 2190 1051 2276 inpudentiae”
1069 2191 1151 2281 jussi
1175 2207 1259 2260 sunt.

191 2276 266 2356 Sed,
282 2290 318 2340 ut
333 2277 434 2341 dicere
447 2275 654 2354 institueram,
670 2273 872 2338 deducuntur
886 2275 918 2338 in
934 2274 1062 2354 scholas,
1084 2277 1258 2364 inquibus,

193 2440 197 2446 ⁵
221 2479 441 2542 steatomata]
460 2477 558 2527 stane
574 2475 665 2523 aaran
683 2482 706 2522 a
773 2476 855 2524 maa
871 2476 1016 2540 nasama]
1036 2475 1076 2525 su
1094 2475 1171 2526 nna.
1192 2477 1259 2540 psus

189 2545 244 2590 uod.
275 2542 365 2590 Verum
384 2541 525 2590 adversativa
541 2542 599 2587 bene
614 2553 708 2602 respon·
740 2546 896 2588 eratoetatem.
923 2539 1224 2598 Dercr.Quluct.12,d.
1252 2577 1255 2581 .

187 2606 228 2653 det
239 2609 274 2664 τῷ
282 2622 323 2654 nee
336 2608 429 2654 merant
444 2605 575 2653 adversarii
585 2609 608 2649 rt
619 2605 707 2662 aaut,
772 2606 804 2651 Iu
814 2618 893 2651 semar
902 2603 1098 2670 omonimum]
1116 2603 1258 2654 Divitrabam

113 2698 118 2703 ·
188 2669 245 2732 quia
260 2671 403 2718 auditorium
415 2671 512 2732 Mum
525 2674 577 2715 erat
589 2667 708 2714 invtdiret
739 2667 796 2714 olim
815 2669 910 2726 scitalas,
928 2668 1004 2715 male:
1023 2682 1109 2716 mma
1166 2667 1197 2716 ‘te
1211 2685 1258 2717 rcr-

181 2733 327 2796 saventibus.
739 2746 782 2778 aar
792 2731 895 2794 appellat
903 2733 961 2790 loca,
972 2731 997 2778 in
1007 2731 1092 2795 quibus
1128 2740 1179 2780 cata
1186 2732 1227 2780 illa
1235 2741 1260 2780 et

223 2799 257 2845 Ut
266 2811 307 2844 nec
314 2799 448 2862 baor'dirto]
460 2795 598 2860 liudolphus
609 2793 706 2854 auctius,
739 2803 861 2858 pusouata
884 2795 1016 2858 eloquentia
1041 2805 1167 2853 metemur,
1194 2797 1259 2844 relat

187 2875 229 2908 nec
247 2863 308 2908 male
324 2877 364 2910 nee
385 2864 439 2908 brac
448 2878 456 2919 ;
480 2860 592 2909 sententia
614 2857 707 2920 quidem
740 2859 876 2920 pertusum.
909 2859 985 2907 Istra.
1013 2858 1079 2910 ,Item
1089 2861 1180 2906 sicutin
1190 2874 1259 2908 scara

188 2923 256 2972 valde
266 2925 363 2973 favente.
390 2926 464 2973 hirs.
495 2924 584 2973 Verum
596 2921 709 2969 sententia
739 2922 800 2969 ficta
814 2937 925 2984 parona,
944 2923 1004 2969 licta
1021 2937 1066 2982 rer,
1085 2925 1119 2970 rie
1133 2923 1158 2970 iu
1175 2924 1257 2971 airolis

187 2988 318 3036 nentatetr
330 3003 385 3036 nam
396 2988 421 3036 id
431 2989 480 3052 agit
490 2985 706 3046 roseautdocear,
739 2985 858 3032 rhetorum
891 2986 950 3033 licta
981 3000 1067 3033 caum
1095 2989 1258 3033 tractabantur.

186 3050 274 3099 famam
291 3053 427 3116 eloquentie
439 3052 509 3100 etism
524 3055 553 3100 ab
568 3048 708 3100 adversario·
740 3049 812 3097 Ean.
829 3049 874 3095 Ed
883 3051 1081 3096 rumesium.
1096 3049 1257 3096 Rhanemen-

186 3129 239 3162 rum
255 3125 278 3163 et
290 3116 422 3166 invidorum
436 3116 548 3164 subselliis
564 3127 663 3174 surgere.
681 3119 709 3160 ut
738 3112 812 3160 dara.
828 3114 926 3160 Scortum
935 3126 964 3159 eo
973 3126 1041 3159 scum
1053 3121 1152 3175 usurpat
1161 3120 1184 3159 at
1195 3113 1257 3158 Ptin.

186 3177 308 3228 sudrim
318 3188 379 3228 recte
388 3187 474 3226 monet
640 3166 645 3186 '
740 3175 823 3239 Epi,
838 3177 875 3230 17.

218 3245 267 3291 Sul
284 3245 398 3307 prunarii
411 3245 617 3309 preceptionibus]
638 3244 707 3292 Forte
765 3241 811 3288 Ut
823 3240 959 3314 Ciceroatt]
971 3238 1015 3286 Or.
1025 3245 1050 3298 3,
1060 3245 1103 3288 at.
1113 3240 1176 3288 unde
1184 3249 1256 3304 patet,

181 3309 370 3370 promotorum
395 3307 487 3356 oros.
513 3307 552 3355 Sic
562 3309 635 3357 MSS.
648 3309 704 3358 Vat.
740 3303 1087 3364 sicutexrliislocureterum,
1104 3305 1258 3354 aerarium

152 3395 157 3411 r
185 3371 330 3420 Rectissime.
363 3371 435 3420 Bau.
570 3407 571 3410 ,
739 3367 863 3416 Censorem
879 3367 923 3415 hoe
938 3367 1038 3414 edictum
1055 3368 1142 3416 fedare.
1173 3369 1258 3434 Itaque

188 3461 193 3469 ·
214 3438 286 3494 ,Sabor
296 3437 377 3484 rtatim
387 3443 409 3484 et
420 3451 480 3483 unua
490 3437 625 3498 canonque
640 3451 706 3483 eaur-
739 3446 787 3480 non
805 3431 909 3480 dubitari
927 3433 955 3478 t.
970 3447 1013 3494 pro
1028 3432 1063 3479 ML
1077 3447 1194 3494 reponere
1212 3432 1267 3480 'At‘

185 3501 226 3564 σω]
255 3499 294 3546 Ita
322 3508 387 3548 vetus
410 3503 529 3559 (smera).
561 3499 617 3546 Non
644 3501 706 3548 mole
739 3510 825 3554 versor,
843 3507 871 3543 ut
883 3495 979 3543 Tacitus
989 3511 1121 3558 prenomen
1135 3497 1256 3554 addiderit,

185 3563 255 3611 etiam
275 3563 353 3626 vulgo,
372 3566 453 3612 rtatim
469 3565 594 3624 animique
613 3579 706 3612 caussae.
738 3573 792 3608 cum
809 3568 832 3606 et
847 3559 872 3607 in
889 3559 995 3607 Domitio
1009 3561 1101 3607 nullum
1117 3561 1153 3607 sit.
1184 3561 1257 3607 llau.

187 3626 263 3675 Istra.
631 3639 632 3646 ¹
738 3623 796 3671 Jarn
815 3639 836 3670 a.
852 3627 907 3672 592.
923 3632 947 3670 et
962 3625 1019 3670 632.
1038 3624 1092 3671 SC.
1114 3635 1138 3672 et
1156 3623 1256 3671 edictam

189 3717 190 3722 =
218 3691 377 3738 Nooodeeimo
390 3692 512 3754 retrone]
529 3690 605 3754 Apud
616 3689 665 3739 Cic.
676 3691 705 3740 de
737 3687 875 3736 Censorium
891 3696 970 3735 conua
984 3687 1085 3742 rhetores
1100 3688 1197 3742 Actum,
1213 3685 1255 3734 do-

185 3753 251 3802 Orst.
263 3754 320 3802 dicit
330 3755 360 3804 Ia.
370 3756 474 3814 Crassus,
491 3771 516 3802 se
530 3764 580 3803 tum
596 3769 670 3803 unum
681 3765 705 3804 et
737 3761 790 3800 cent
804 3752 868 3800 Suet.
885 3751 914 3799 de
930 3751 959 3798 cl.
973 3750 1032 3799 rhet
1047 3766 1067 3798 c.
1084 3755 1105 3800 1.
1120 3761 1144 3798 et
1159 3750 1255 3807 Quinct.

185 3817 267 3880 viginti
278 3831 442 3866 annosnaturn
452 3819 531 3866 fiabra
633 3849 636 3852 -
739 3817 777 3870 15,
792 3817 829 3864 ll.
1215 3832 1223 3855 ·.

220 3883 273 3930 Uro
282 3889 306 3929 rt
321 3875 427 3930 vetabo
437 3897 496 3930 anno
508 3883 585 3930 Cesar
596 3885 703 3932 Dolabel.
769 3881 915 3927 Dedaeimor
926 3881 951 3925 io
961 3879 1065 3989 scholari
1075 3880 1130 3926 Non
1142 3877 1187 3925 boc
1201 3893 1257 3926 con-

184 3947 243 4009 lorn]
260 3946 356 3994 Sueten
378 3947 472 3995 indul.
492 3947 515 3992 l.
537 3947 703 3995 assumtionem
736 3945 799 3991 venit
814 3943 981 4006 superionbusr
1000 3946 1044 3990 ado
1064 3943 1160 3988 rcrawtr'
1174 3946 1255 3991 rade·

183 4008 242 4056 lranc
258 4009 345 4057 conten
362 4010 387 4058 in
404 4014 495 4074 tempus
512 4009 631 4072 compositi
648 4011 704 4059 belli
736 4007 944 4054 ducanturiarclt.
962 4009 1046 4069 Iraque
1054 4019 1107 4052 rum
1116 4005 1190 4054 MSS.
1198 4009 1255 4057 Vm.

185 4071 312 4136 Lepidiani,
332 4073 357 4120 id
375 4083 417 4131 est,
435 4075 472 4122 M.
487 4072 583 4122 AEmilio
605 4073 702 4136 Lepido,
736 4085 774 4134 up.
787 4070 918 4118 Broterium
928 4072 1028 4117 habeant
1037 4069 1076 4116 bic
1085 4084 1178 4134 quoquc
1186 4073 1258 4120 deda·

184 4134 217 4182 D.
235 4136 311 4184 Junio
329 4137 405 4184 Bruto
425 4149 496 4186 coss.
529 4137 606 4200 Atqui
625 4138 703 4185 Casas
735 4134 967 4195 cuntur,·idracapi.
991 4133 1051 4179 Mox
1062 4133 1085 4180 in
1094 4135 1255 4198 rcdmpaem,

78 4199 80 4202 ’
183 4206 239 4246 tuna
249 4201 288 4247 at.
300 4215 387 4248 annum
400 4203 479 4264 egerit,
490 4216 518 4248 ex
530 4201 605 4248 Fastis
612 4209 635 4248 et
642 4215 703 4248 anno
735 4199 828 4247 mallem
836 4197 906 4245 deleri
916 4198 962 4243 red.
978 4194 1041 4242 Item
1050 4204 1073 4244 ct
1082 4198 1161 4246 dicant
1168 4209 1191 4248 et
1201 4203 1256 4247 (aad.

183 4264 232 4323 ejus
246 4265 326 4312 natali.
358 4264 500 4330 Corrigirnur
516 4261 601 4330 igitur3
619 4279 658 4323 an,
676 4273 703 4312 ut
734 4259 956 4310 torrentesut„
987 4260 1256 4325 Vulgoprimumctab·

182 4341 241 4389 sepe
267 4327 384 4378 dsuusus
410 4333 467 4379 est?
495 4343 538 4392 ego
564 4330 605 4378 boc
631 4329 702 4377 malo.
734 4334 775 4374 est.
808 4326 880 4372 Etru.
913 4323 977 4371 Mihi
987 4326 1256 4379 adnorabmdaresi-

168 4388 256 4446 ,brea
401 4438 404 4446 ,
506 4399 507 4402 ’
582 4426 596 4434 ..
733 4390 809 4451 detur,
825 4403 867 4437 nac
883 4387 1023 4438 mutandum
1033 4389 1058 4438 in
1069 4393 1120 4438 ert(
1145 4391 1215 4438 Prius
1228 4391 1255 4434 tn
