3034 4967
240 199 285 299 a
481 236 588 301 JUt11
612 219 1057 307 necromanciae

239 422 302 465 non
316 400 449 491 sinerent
460 402 480 465 τ’
494 418 540 481 tot
553 405 708 471 exercitus
718 407 750 470 in
766 405 881 472 Moesia
895 408 1067 495 Daciaque,
1079 409 1111 475 et
1121 411 1290 478 Germania
1353 422 1357 428 ’

239 488 472 575 Pannoniaque,
482 488 653 553 temeritate
663 506 719 555 aut
732 514 789 579 per
799 492 955 578 igrraviam
967 496 1095 559 Ducum
1107 496 1227 563 amissi:
1242 512 1289 562 tot

238 571 465 661 militares&
487 592 561 636 cum
584 584 631 637 tot
655 576 835 640 cohortibus
858 579 1030 675 expugnati
1052 594 1084 643 et
1106 583 1209 667 capti:
1233 604 1289 646 nec

232 657 300 741 jam
318 656 358 719 de
375 652 471 721 limite
490 657 619 744 Imperii
640 673 673 724 et
691 660 770 747 ripa,
792 660 847 725 sed
864 662 905 725 de
923 662 1060 728 bibernis
1079 665 1236 751 legionum
1256 680 1290 731 et

236 740 425 825 possessione
438 741 626 806 dubitatum.
672 746 734 823 Ita,
760 768 834 809 cum
855 745 970 811 damna
990 747 1111 813 damnis
1131 750 1291 815 contiuua-

235 838 353 903 rentur,
368 842 463 912 atque
476 828 575 891 omnis
588 850 688 893 annus
701 830 865 894 funeribus
879 844 911 895 et
924 830 1065 897 cladibus
1077 834 1287 921 insigniretur,

234 910 419 994 poscebatur
437 932 491 975 cre
511 912 598 997 vulgi
621 916 699 977 Dux
713 914 882 1000 Agricola3
906 918 1157 1013 comparantibus
1169 920 1289 984 cunctis

235 994 383 1081 vigorem,
393 996 605 1075 constantiam,
619 1014 702 1064 etex
743 1015 829 1062 rtum
839 1000 927 1064 bellis
937 1023 1086 1081 smmum,
1096 1026 1168 1068 cum
1178 1003 1289 1069 inertia

233 1091 266 1142 et
288 1079 454 1145 formidine
477 1096 657 1146 ceterorum.
703 1022 826 1161 genibus
853 1086 1046 1150 sermonibus
1070 1089 1144 1153 satia
1166 1100 1287 1153 constat

234 1165 405 1230 Domitiani
430 1188 557 1251 quoque
581 1190 671 1231 aures
692 1169 879 1248 verberatas,
902 1170 981 1234 dum
999 1171 1136 1257 optimus
1155 1174 1289 1259 quisque
1384 1202 1388 1212 ·

233 1248 417 1313 libertorum
432 1273 536 1315 amore
554 1264 586 1315 ct
604 1251 677 1330 fide,
702 1253 825 1339 pessimi
844 1254 1036 1341 malignitate
1049 1271 1081 1320 et
1093 1256 1200 1335 livore,
1215 1280 1288 1345 pro-

233 1354 310 1397 num
336 1335 539 1399 deterioribus
568 1336 746 1424 Principem
770 1338 1020 1404 exstimulabant.
1065 1342 1116 1407 Sic
1138 1343 1288 1489 Agricola

232 1418 325 1484 simul
339 1419 402 1483 suis
415 1420 594 1502 virtutibus,
616 1422 708 1487 simul
722 1422 804 1488 vitiis
822 1421 965 1504 aliorum,
987 1424 1018 1488 in
1037 1425 1137 1515 ipsam
1155 1427 1231 1514 go'
1286 1450 1289 1454 ·

234 1526 335 1588 praece
385 1506 546 1592 agebatur.
1207 1449 1286 1492 mm

275 1528 387 1655 xiil.
411 1590 531 1655 Aderat
551 1592 618 1678 jam
643 1614 752 1668 annus,
776 1616 841 1691 quo
865 1594 1125 1658 Proconsulatum
1147 1595 1239 1659 Asiae.
1254 1609 1287 1660 et

231 1673 348 1739 Africa
368 1676 539 1755 sortiretur,
561 1691 593 1741 et
606 1677 705 1741 occiso
720 1676 828 1741 Civica
840 1700 952 1764 nuper,
972 1700 1028 1742 nec
1041 1678 1200 1765 Agricolae
1212 1700 1287 1744 con·

230 1758 334 1823 silium
348 1760 462 1839 deerat,
478 1783 535 1825 nec
548 1761 729 1826 Domitiano
743 1763 931 1850 exemplum.
975 1765 1142 1828 Accessere
1156 1764 1285 1850 quidam

231 1844 454 1930 cogitationum
476 1845 580 1910 Princi
603 1846 630 1909 is
651 1846 754 1933 periti,
776 1846 843 1933 qui,
862 1848 1004 1912 iturusne
1022 1862 1102 1915 esset
1114 1848 1147 1912 iu
1161 1850 1287 1935 provin·

229 1929 319 2008 cmm,
349 1930 433 1995 ultro
459 1930 579 2017 Agrico
668 1931 913 2016 interrogarent:
940 1956 977 1997 ac
1004 1933 1106 2019 primo
1133 1933 1285 1999 occultius

230 2016 367 2101 quietem
381 2029 413 2080 et
427 2015 526 2080 otium
540 2014 679 2093 laudare,
701 2039 776 2079 mox
792 2038 919 2102 operam
933 2038 1021 2081 suam
1035 2018 1069 2079 in
1082 2017 1286 2103 adprobanda

229 2100 426 2165 excusatione
447 2100 576 2163 offerre:
602 2110 759 2183 postremo
783 2122 846 2163 non
867 2100 935 2185 jam
959 2100 1095 2179 obscuri,
1121 2102 1285 2169 suadentes

229 2184 323 2249 simul
340 2195 560 2268 terrentesque,
582 2196 761 2268 pertraxere
775 2183 817 2247 ad
832 2185 1066 2257 Domitianum
1089 2184 1145 2270 qui
1158 2200 1286 2271 paratus

229 2268 427 2347 simulationi,
448 2267 481 2330 iu
494 2266 709 2355 adrogantiam
728 2268 928 2355 compositus,
948 2284 980 2333 et
998 2268 1098 2333 audiit
1111 2291 1217 2356 preces
1229 2294 1285 2337 ex·

232 2490 235 2499 .
259 2443 486 2516 Totmilitareiutrt]
495 2452 549 2515 ugo
555 2450 636 2501 dubito
643 2448 737 2512 muca,
768 2453 845 2511 leone,
855 2467 956 2515 presens
965 2453 1006 2503 isti
1015 2452 1134 2515 particula
1143 2453 1249 2515 imgsre,
1256 2461 1283 2502 ut

226 2518 484 2565 totmilltoresaameri.
495 2516 739 2579 Atquidecodortibas
769 2532 841 2581 mprs
849 2517 881 2564 ad
891 2518 956 2565 Hist
966 2516 1106 2566 mamus.
1137 2516 1210 2565 Ean.

224 2582 310 2643 jungit
343 2581 390 2639 Its,
406 2580 445 2627 sad
456 2581 509 2629 illos
523 2580 641 2628 Romanos
653 2580 738 2629 intelli·
801 2582 834 2628 Is
844 2582 919 2641 msam
928 2583 1033 2642 gloriam
1041 2596 1146 2643 prmo
1155 2582 1281 2644 egem]

225 2645 275 2707 gin
296 2644 339 2693 bas
359 2644 458 2693 sociales·
492 2645 568 2698 lires.
599 2644 738 2707 legendum
770 2643 862 2692 Mirum
872 2645 984 2709 loquendi
997 2659 1080 2707 genus,
1096 2653 1124 2692 ut
1137 2654 1217 2693 monet
1226 2644 1283 2693 Vir·

226 2708 382 2757 videturcici.
406 2710 481 2770 Supra
492 2709 524 2755 A.
539 2713 576 2765 1‘1,
588 2712 627 2757 38.
652 2709 699 2765 Ac,
710 2711 738 2756 at
769 2707 876 2771 dungus3
894 2708 1283 2773 quodpeperitacuminiscsptatio.

225 2772 738 2834 dtocicisetoartellispronimissabveotam
769 2772 821 2819 Alii
839 2773 967 2836 precipites
985 2780 1088 2835 aguntur
1105 2772 1131 2821 iu
1149 2772 1281 2835 persidae,

219 2838 295 2899 firret,
305 2840 378 2899 copie
387 2843 438 2883 tam
449 2835 565 2883 occidione
576 2836 740 2885 macerem
769 2835 819 2899 ipse
829 2836 854 2883 iu
865 2838 969 2899 glodam.
1000 2837 1063 2885 Cum
1072 2850 1098 2884 se
1108 2836 1158 2900 ipse
1167 2836 1198 2884 ad
1207 2836 1282 2883 otium

225 2901 259 2947 A.
273 2901 312 2959 lt,
323 2902 364 2949 ³0.
382 2901 528 2947 Praesidium
535 2900 632 2961 posthoc
643 2901 748 2961 impert-¹
770 2910 793 2948 et
802 2899 920 2949 silentium
930 2901 1042 2963 redigeret
1051 2900 1117 2947 omni
1129 2900 1206 2954 modo,
1214 2899 1284 2973 inri-

225 2966 475 3025 renascentesque
486 2965 541 3021 laci,
550 2965 617 3011 soevis
625 2966 737 3025 mpersst-
769 2971 808 3011 tus
824 2965 980 3024 crembam,
996 2979 1051 3011 curn
1066 2978 1160 3012 summo
1171 2964 1282 3026 periculo

224 3030 325 3077 tionibus
338 3032 408 3077 raas.
427 3028 461 3077 Η.
473 3032 498 3087 t,
513 3031 553 3077 20.
591 3029 737 3089 Tostamque
770 3027 842 3075 Euri.
940 3048 950 3076 s

224 3095 278 3141 aaut
291 3096 418 3157 superfuit,
431 3100 459 3140 st
470 3094 585 3154 praesidia
598 3092 736 3147 cohortium,
801 3093 869 3140 Asiae
878 3099 901 3140 et
911 3091 1015 3156 Africa]
1028 3092 1084 3139 Nou
1092 3099 1173 3155 potest,
1182 3091 1284 3139 utsurtl-

224 3160 326 3216 ahmin,
338 3160 456 3219 mosam
465 3158 562 3204 modicis
572 3158 631 3204 vicis
642 3157 738 3219 quadri·
769 3164 808 3203 tus
825 3156 896 3220 fuerit
910 3165 1036 3219 utrumque
1051 3155 1131 3213 simul,
1147 3170 1190 3203 nec
1204 3155 1283 3203 ierunt

220 3224 314 3283 parido
326 3224 412 3271 Civilis
423 3222 543 3269 invaserit.
569 3220 661 3269 Gaea.
683 3219 737 3267 Hoc
770 3219 964 3269 Romanimores.
991 3220 1282 3281 ScribmAsioeoatAfis‘-

224 3284 317 3334 melius.
348 3286 395 3334 Sed
413 3295 491 3333 tamen
510 3283 618 3346 exempla
633 3282 737 3331 desidero
769 3298 808 3331 cae.
834 3284 909 3332 laras.
935 3284 1212 3333 SicetDsuesiovisum·
1235 3283 1282 3331 Sed

224 3349 319 3413 epitheti
328 3348 400 3411 hujus
414 3350 465 3397 loco
479 3347 568 3406 tributi,
584 3347 610 3395 iu
620 3360 668 3409 quc
678 3362 737 3411 ρω-
769 3355 793 3395 et
804 3348 927 3410 vulgamus
940 3358 1039 3405 marm,
1055 3356 1082 3394 ut
1096 3356 1176 3395 monet
1190 3348 1282 3395 Meroe·

224 3413 374 3475 ddisposita.
405 3412 473 3471 Quid
482 3411 588 3475 impedit,
602 3411 738 3473 quominus
768 3412 848 3459 russd
859 3413 978 3471 A.3,32.
1008 3413 1033 3459 U
1086 3426 1116 3458 ue
1128 3410 1281 3474 provincisin

224 3477 335 3525 militares
354 3477 398 3525 viri
416 3475 463 3523 sint
482 3476 580 3523 Duces?
602 3475 642 3523 stc
659 3490 678 3523 o·
696 3478 736 3523 40.
768 3477 967 3536 mmconjeoa.
983 3420 1282 3539 Bantinlulgatumvss.
1310 3508 1320 3524 .

223 3542 427 3595 militorcoomm,
435 3547 470 3589 est
478 3539 554 3588 Ducis
560 3538 621 3588 bello
627 3538 690 3587 clari.
702 3538 736 3587 Α.
770 3539 850 3587 Ursini
860 3540 936 3588 habet.

165 3604 170 3609 ’
225 3606 265 3667 is,
281 3607 320 3654 26.
348 3604 450 3653 Corbulo
464 3604 549 3653 dicitur
563 3606 602 3650 cir
615 3604 736 3650 militaris.
802 3604 987 3669 OccisoCinica]
1000 3605 1103 3654 Cereale.
1113 3602 1280 3653 anamma.

222 3669 255 3717 Et
265 3666 326 3718 inira
335 3671 428 3733 feam
438 3669 469 3717 ad
479 3668 565 3727 Duces,
582 3674 610 3714 ut
620 3668 695 3714 clades
705 3667 736 3715 sd
769 3682 790 3715 e.
804 3670 843 3716 10.

222 3732 648 3855 iniibmtiaiis'nifm
660 3731 737 3795 Μ’
769 3734 1282 3860 dimidiam&

251 3865 314 3912 Cam
320 3865 408 3911 neno
413 3862 569 3925 etformidiae
574 3862 667 3925 eoram]
676 3860 737 3908 Gro-
767 3860 884 3923 quomodo
894 3857 1024 3923 perieulum
1172 3874 1216 3907 nec
1229 3859 1282 3907 Do-

222 3925 269 3975 rius
279 3928 406 3989 comgebat
415 3934 552 3975 ceterorum·
583 3922 737 3973 Possisetiam
769 3923 1075 3987 mitiauuaqucmodoeum
1091 3923 1281 3985 ortedepellerat,

221 3987 739 4104 lliiffitffilissr'imbfflildiir'iid
770 3989 1061 4115 mixtim
1076 3988 1163 4099 ‘ab
1178 3988 1281 4097 hm

222 4118 362 4167 Gratianum
372 4126 450 4167 tamen
460 4088 551 4167 rirelius.
572 4118 645 4165 Ean.
670 4115 734 4163 Mihi
767 4123 819 4179 post
829 4115 881 4165 edd.
891 4116 1028 4165 autelibe'n
1039 4114 1282 4179 siricsetamotscasi.

222 4198 317 4247 quoque
335 4182 431 4230 adridet.
462 4184 503 4231 Ex
523 4197 551 4231 so
571 4180 639 4228 facile
659 4179 735 4244 potuit
768 4180 842 4228 Ean.

221 4246 373 4295 criticorum.
391 4246 445 4311 Bip.
457 4246 540 4294 dedere
551 4247 659 4293 αὶίοηιηι.
767 4275 771 4281 ·
802 4244 956 4307 Quiparatas
963 4243 1280 4316 dmslotiosc,issarrog.c3]

253 4314 321 4361 Dum
331 4312 524 4374 cammoneas]
541 4308 625 4359 Tacito
634 4308 691 4359 alias
700 4322 736 4357 so-
765 4308 845 4359 itaet
855 4308 894 4357 hic
908 4306 1066 4363 Borbornius,
1081 4306 1124 4370 qui
1138 4321 1164 4356 se
1179 4306 1282 4372 espsdut
