3034 4967
243 246 283 307 lfl
606 244 661 307 DE
682 244 945 309 orarumaus

241 404 406 506 loricaaut
423 406 557 493 gladius
568 407 600 471 in
615 408 680 474 acie
693 408 815 475 firmius
833 409 1075 488 munimentum,
1088 427 1187 496 quam
1202 430 1259 475 reo
1269 421 1304 475 et

241 490 428 577 perschtanti
446 492 633 579 eloquentia,
650 495 833 580 praesidium
851 494 944 560 nmul
963 506 996 559 et
1016 495 1126 574 telum,
1146 518 1213 581 quo
1232 518 1305 581 pro-
1331 485 1336 501 ’

241 599 383 675 pugnare
393 576 511 726 pariter
532 591 564 677 et
584 580 744 659 incessere,
767 581 817 645 vel
838 580 870 643 in
887 579 1019 666 judicio,
1034 579 1098 643 eive
1118 581 1151 643 in
1173 582 1302 658 Senatu,

191 743 193 746 .
242 684 307 725 srve
330 685 392 749 epu
440 664 617 749 Pnncrpem
642 665 750 751 possis.
799 665 886 743 Quid
905 664 993 729 aliud
1013 664 1134 729 infestis
1153 664 1304 730 Patribus

242 768 343 833 nuper
358 747 478 845 Eprius
493 748 674 847 Marcellus,
689 772 785 847 quam
800 749 1009 836 eloquentiam
1023 772 1122 828 suam,
1132 750 1301 836 opposuit?

241 854 306 919 qua
319 846 473 897 accinctus
491 846 524 897 et
543 854 659 912 minax,
675 835 821 901 disertam
858 834 975 912 uidem,
994 835 1050 899 sed
1069 835 1303 899 inexercitatam

240 929 273 981 et
295 918 452 1015 ejusmodi
468 919 673 1015 perteminum
693 920 817 999 rudem,
835 858 980 984 lielvidji
1000 920 1181 1005 sapientiam
1201 918 1301 983 elusit

242 1000 341 1067 Plura
354 1003 394 1067 de
408 1002 542 1067 utilitate
556 1025 618 1067 non
633 1004 714 1084 dico,
728 1006 781 1071 cui
801 1005 883 1093 perti
897 1003 1024 1069 minime
1037 1004 1303 1070 contradicturum

243 1088 428 1153 Maternum
441 1110 547 1153 meum
561 1088 705 1155 arbitror.

283 1175 343 1239 vl.
361 1172 417 1241 Ad
433 1174 625 1260 voluptatem
640 1174 784 1239 oratoriae
797 1174 983 1262 eloquentiae
996 1186 1130 1252 transeo,
1145 1173 1238 1259 cujus
1249 1173 1303 1258 ju·

240 1258 384 1323 cunditas
397 1280 459 1322 non
475 1282 539 1323 uuo
552 1259 658 1347 aliquo
671 1274 840 1339 momento,
856 1259 910 1324 sed
924 1259 1069 1324 omuibus
1105 1280 1182 1356 rope
1191 1258 1304 1323 diebus

239 1356 272 1407 et
286 1366 384 1443 prope
405 1343 550 1409 omnibus
570 1344 655 1409 horis
667 1346 828 1432 contingit.
873 1345 960 1423 Quid
973 1343 1056 1409 enim
1091 1342 1192 1408 ulcrus
1205 1343 1304 1408 libero

239 1441 271 1493 et
284 1450 422 1515 ingenuo
432 1429 547 1507 animo,
558 1431 638 1495 etad
650 1430 826 1517 voluptates
838 1430 984 1493 honestas
993 1443 1079 1507 nato,
1090 1450 1186 1513 quam
1196 1427 1303 1492 videre

239 1514 364 1600 plenam
379 1536 499 1601 semper
513 1529 545 1579 et
560 1515 577 1576 f
630 1529 753 1581 nentem
769 1515 899 1579 domum
920 1536 1073 1578 concursu
1094 1513 1304 1600 splendidissi-

240 1621 364 1663 morum
386 1598 547 1664 hominum
560 1539 699 1691 roeiilque
722 1601 799 1666 scire
818 1612 881 1663 nou
905 1599 1057 1685 pecuniae,
1078 1621 1142 1661 nou
1163 1596 1300 1674 orbitati,

239 1706 341 1771 neque
355 1684 446 1749 officii
459 1684 594 1773 alicujus
606 1684 875 1763 administrationi,
891 1684 947 1749 sed
959 1683 1018 1747 sibi
1039 1682 1109 1769 ipsi,
1120 1681 1212 1745 dari?
1234 1680 1304 1745 illos

238 1769 380 1856 quinimo
394 1770 485 1835 orbos
500 1784 531 1834 et
550 1770 718 1857 locupletes
732 1782 765 1835 et
778 1782 920 1855 potentes
931 1768 1037 1833 venire
1058 1767 1244 1853 plerumque
1261 1765 1303 1831 ad

234 1855 384 1941 juvenem
398 1869 430 1921 et
446 1878 626 1943 pauperem,
650 1870 687 1921 ut
704 1868 761 1921 aut
782 1878 849 1932 sua,
869 1865 927 1918 eut
944 1854 1115 1919 amicorum
1128 1850 1305 1915 discrimina

238 1941 466 2008 commendent.
526 1940 641 2006 Ullane
670 1954 758 2007 tanta
784 1939 960 2025 ingentium
989 1960 1087 2025 opum
1115 1959 1151 2000 ac
1180 1957 1304 2020 magnas

238 2026 386 2112 potentiae
408 2026 562 2113 voluptaS‚
586 2049 682 2121 quam
706 2039 844 2111 spectare
866 2023 1006 2087 homines
1028 2035 1147 2086 veteres
1165 2034 1196 2085 et
1218 2042 1304 2097 senes

238 2123 271 2175 et
295 2111 392 2176 totius
416 2112 503 2175 urbis
527 2124 628 2195 gratia
651 2110 811 2184 subnixos,
831 2107 864 2171 in
888 2128 1012 2171 summa
1033 2105 1174 2168 omniurn
1199 2126 1305 2169 rerum

237 2195 441 2271 abundantia,
456 2194 648 2273 confitentes,
662 2194 695 2259 id
710 2193 798 2281 quod
811 2191 969 2278 optimum
979 2189 1030 2267 sit,
1042 2212 1075 2253 se
1088 2210 1152 2251 non
1164 2189 1304 2254 habere?

238 2283 262 2345 J
263 2302 314 2343 am
328 2302 412 2356 vero,
428 2279 484 2364 qui
505 2291 682 2365 togatorum
698 2278 863 2343 comitatus
884 2289 916 2340 et
930 2277 1089 2362 egressus!
1113 2295 1186 2358 quae
1199 2274 1233 2336 in
1246 2295 1306 2358 pu-

238 2364 320 2429 blico
334 2364 468 2452 species!
492 2388 565 2451 quae
579 2364 611 2427 in
624 2362 751 2455 judiciis
769 2361 944 2428 veneratio!
969 2358 1054 2447 quod
1068 2358 1221 2445 gaudium
1234 2378 1308 2425 con-

272 2614 755 2679 Ncn,hercule,lcrieoegladiur]sicante
783 2616 884 2677 partim.
911 2612 1038 2659 Putecl.et
1090 2609 1304 2671 eamproemrtnt

239 2682 316 2732 Rhen.
327 2684 455 2745 legebatur,
472 2696 544 2744 aque
555 2689 598 2738 est,
615 2679 679 2743 quod
693 2693 756 2727 nunc
789 2677 865 2741 Lipsii
880 2675 1063 2724 emendationem
1123 2672 1203 2737 eBip.
1221 2671 1305 2719 admit·

239 2747 323 2795 editur.
345 2747 406 2794 Mox
415 2744 535 2793 Acidaliae
542 2745 644 2793 malebat
651 2744 756 2805 eaqueu-
789 2751 850 2800 tunt,
862 2741 894 2789 sic
906 2751 929 2788 et
945 2738 1051 2799 Schulze,
1066 2738 1108 2801 qui
1123 2751 1179 2784 mox
1194 2744 1255 2784 reete
1270 2748 1307 2809 re·

238 2814 282 2859 tie.
313 2811 347 2859 Et
357 2810 468 2858 sicestiu
480 2808 532 2856 etld.
542 2825 578 2871 pr.
588 2823 635 2857 non
651 2808 755 2871 eloqrrerr-
787 2804 985 2916 poeuitarbitror.
1017 2799 1308 2864 Subjunetivus'evulgun

239 2877 296 2931 rtae‚·
307 2874 370 2923 unde
379 2872 477 2921 restitui.
509 2874 581 2923 Ean.
798 2878 885 2918 ectrone
903 2875 1049 2917 remansuat
1089 2866 1168 2913 Immo
1183 2862 1235 2912 edd.
1253 2870 1307 2910 vett.

272 2940 322 2987 Reo
330 2945 352 2987 et
358 2939 518 3002 periclitanti]
535 2936 605 2986 Acid.
616 2936 677 2985 delet
684 2948 755 2997 copu-
789 2941 842 2981 ante
853 2933 930 2981 Rhen.
939 2932 1026 2980 habent
1036 2931 1147 2977 arbitror.

238 3003 296 3061 lam,
308 3003 371 3068 quod
382 3002 490 3052 schulzio
500 3002 581 3065 placet.
825 3000 878 3046 Uno
888 2998 962 3043 aliove
973 2994 1099 3057 monento]
1111 2992 1188 3051 Forte,
1199 2991 1309 3038 alterove.

279 3071 320 3117 Vel
338 3071 364 3115 in
378 3068 472 3131 judicio
516 3067 626 3115 Muretus
648 3064 757 3121 malebat,
789 3061 856 3109 Infra
871 3076 890 3109 c.
903 3064 927 3111 9.
939 3062 1014 3108 omnir
1027 3059 1069 3103 ille
1085 3058 1136 3102 lorea
1152 3057 1217 3102 intra
1233 3069 1309 3101 arrum

239 3134 289 3181 rive
302 3134 437 3197 injudicio.
503 3146 534 3179 ox
547 3130 656 3188 Ursinus,
673 3126 758 3175 Acida-
789 3115 1308 3173 cutdteramdicmetctiuou.MSS.Vat

240 3197 295 3257 lius,
308 3198 568 3259 pancrantiusssecte.
598 3194 672 3243 ner.
701 3192 761 3239 Pro·
789 3186 1038 3252 eliquuquudrecepi.
1069 3184 1126 3233 Post
1137 3184 1205 3230 verbo
1215 3183 1309 3228 domum

241 3263 374 3325 boquoquc
388 3260 514 3321 etreeipio.
555 3258 594 3307 Sic
609 3256 689 3321 paullo
706 3262 761 3303 ante
791 3254 863 3303 MSS.
875 3253 930 3301 Vat.
940 3251 1111 3299 adduntrrram.
1133 3247 1206 3295 Eleu.
1229 3246 1310 3295 Pmet

239 3332 324 3385 ortem,
336 3340 381 3386 qao
392 3330 507 3370 armates.
786 3333 861 3381 prope
877 3315 989 3365 Schurzfl.
1008 3323 1030 3360 et
1041 3313 1131 3360 Heum.
1147 3310 1255 3359 volebant
1270 3308 1310 3355 recl

273 3390 384 3437 Helvidii
394 3388 533 3448 repereram
543 3386 625 3449 clarit]
638 3382 679 3434 cf.
691 3384 725 3433 Η.
736 3386 761 3439 4,
785 3397 868 3445 prope.

240 3454 265 3501 6.
288 3453 377 3501 Geor.
826 3438 1245 3506 Orbitct510fidictaarlA.3,25.

269 3512 710 3583 Crrlportimininrecoetrndieterem]
723 3512 762 3561 Ita
824 3510 872 3559 Sed
881 3509 926 3556 stet
936 3508 983 3567 ipsi
997 3506 1063 3569 dart]
1083 3504 1180 3564 Malim,
1197 3501 1240 3548 till
1257 3499 1310 3561 ipit

240 3591 321 3632 vetus:
345 3596 392 3629 non
414 3578 493 3627 tamen
514 3578 576 3625 male
592 3577 689 3641 vulgati,
707 3591 762 3623 eum
793 3574 885 3622 Gaou.
919 3562 1311 3628 PaulloanteeratanteLipsium

237 3648 373 3723 prasertim
384 3646 491 3757 walmes,
503 3651 545 3717 ete.
562 3642 643 3754 ΙιΙιιξέ.Ι
655 3642 762 3715 Praeceps
793 3638 875 3749 ρθὶῧῖἱ
883 3634 1148 3747 οἷοίιέἑὶέηῗΐίῗτιὲηᾶἰε.
1166 3630 1311 3742 ΜΕἪὼ

241 3711 419 3825 iuliiaileliieri¹
429 3722 557 3821 leectrririiiii
566 3720 696 3846 prilpiiiiiil’
708 3712 762 3816 viil,
792 3714 949 3829 librosciipto.
972 3694 1312 3823 Iilrsfelliiriiitietsirctentes.

241 3847 310 3903 gata.
342 3836 414 3899 Quod
423 3852 465 3884 noe
482 3835 629 3885 eieredamus
639 3832 763 3895 haudqua-
793 3830 865 3877 Eun.

243 3919 323 3967 quam,
341 3914 364 3951 et
378 3900 454 3951 multo
471 3900 564 3949 suavius
580 3897 764 3963 exquisitiusque
820 3894 856 3940 Et
862 3893 934 3941 terrm
944 3892 1006 3938 ortt:
1013 3891 1099 3951 gratio
1125 3886 1230 3936 Pithoeus
1240 3884 1313 3932 tortu

243 3981 373 4027 censemus,
390 3966 510 4027 wiperti
526 3966 624 4013 minime
645 3960 762 4009 contrarii-
793 3957 956 4021 arliaprobe.
989 3955 1066 4003 lars.
1176 3949 1313 3999 itPichena.

242 4038 338 4079 erorum
345 4033 488 4079 Maternum
496 4019 686 4077 meritarbltrer.
698 4022 764 4071 lniia
793 4018 1095 4069 Anteavetcrerdelendum
1102 4011 1312 4065 oensetAcidalius.

243 4097 316 4145 c25.
348 4096 390 4143 Ne
406 4096 444 4141 illi
460 4096 554 4157 quidem
565 4092 634 4155 parti
650 4088 764 4136 sermonis
793 4086 868 4134 Bau.
898 4082 1100 4133 Sedsoletnoster
1113 4077 1200 4141 junctis
1211 4089 1313 4138 synem-

243 4162 293 4207 e'ar
304 4174 417 4225 repugno.
435 4160 527 4209 Geor.
543 4158 615 4205 Recte
624 4150 764 4203 Gronovius·
795 4150 840 4197 mia
850 4148 893 4197 uti.
904 4148 938 4197 V.
948 4163 967 4196 c.
980 4152 1002 4197 e.

244 4178 328 4289 liaque
336 4220 569 4285 leetionemehipsio
575 4218 702 4276 inductam,
708 4228 765 4263 mox
829 4215 968 4277 Constantes
983 4212 1010 4257 ta
1025 4208 1085 4271 qaod
1101 4208 1216 4269 optimum
1233 4204 1273 4260 sir,
1291 4218 1315 4249 re

244 4290 372 4339 al’ichena
382 4296 405 4337 et
415 4285 564 4361 sequentibus
579 4282 686 4335 omuibus
696 4294 766 4343 repu-
795 4275 945 4340 molehme]
969 4267 1315 4329 vuantonettonem

244 4353 340 4415 dietam,
352 4366 462 4402 revocavi
496 4349 569 4401 Eae.
603 4346 649 4401 Bc
666 4362 702 4411 pr.
712 4360 766 4398 cam
795 4342 1089 4409 quodopudresttrenca
1099 4336 1187 4384 ruere.
1222 4332 1314 4384 Gaou.
