3034 4967
308 284 337 342 J.
351 283 472 343 LIPSII
494 280 715 341 EXCURSUS
738 280 798 337 AI)
821 280 979 341 ANNAL.
1000 281 1079 342 LIB.
1101 282 1167 343 XV.
1221 288 1275 349 173

206 449 353 527 quomodo
378 451 408 507 in
431 447 509 506 Viris
531 445 692 506 illustribus
722 452 926 524 (quocumque
945 450 1080 521 auctore)
1111 467 1138 507 c.
1156 450 1207 511 23.
1230 461 1277 509 est

204 529 357 606 scriptum.
398 526 459 587 Sed
472 527 518 585 vel
532 526 576 585 sic
590 526 651 603 ipse
664 525 794 585 incendii
813 524 875 584 dies
897 524 954 584 XV
964 527 1013 597 sit,
1027 546 1098 595 non,
1116 529 1277 599 Hercules,

206 606 290 666 XVI.
321 609 426 687 ltaque
437 605 509 663 nihil
524 605 623 673 video,
641 606 723 683 quod
735 605 829 663 vuum
843 604 926 664 illurn
939 617 1034 685 tegat,
1048 606 1103 665 nisi
1116 606 1194 666 forte
1209 608 1278 689 Ma·

205 686 335 757 crebius,
356 687 408 765 qui
419 684 592 744 describens
606 684 765 761 Agelliana
777 684 836 755 illa,
858 696 891 743 ut
903 686 990 758 solet,
1008 685 1146 745 adserere
1160 688 1278 747 videtur

207 765 253 823 die
265 778 390 845 postero,
408 784 498 843 quam
518 762 667 841 Sulpicius
680 764 758 821 male
777 762 980 834 sacrificasset,
1001 775 1164 844 pugnatum
1177 766 1279 827 fuisse.

208 844 269 902 Sed
281 846 340 904 hoe
357 863 429 905 sene
447 842 564 912 falsum,
584 854 617 901 et
632 842 794 920 improvide
814 862 832 901 s
853 842 1009 914 Macrabio
1027 844 1179 922 scriptum,
1203 846 1280 905 sicut
1338 874 1340 883 ν

174 960 176 965 .
206 923 278 981 item
298 944 317 983 a
336 922 496 984 Plutarcho
515 922 545 979 in
566 922 683 981 Caussis
708 942 738 999 p.
758 926 827 984 269.
861 918 926 982 'Ori
953 922 1028 1003 persi
1048 918 1103 992 sols
1128 924 1279 993 uoisrinla5

206 999 533 1074 :testamentarius
546 1001 694 1068 καλοῦσιν,
706 998 859 1081 ἐξάγοντες
871 1004 894 1063 oi
902 1002 1056 1086 χιλίαρχοι
1066 1000 1098 1064 rb
1109 1002 1280 1089 στράτευμα,

206 1081 265 1165 aspi
276 1081 324 1143 riu
335 1080 428 1143 liniue
440 1076 565 1159 amanis
576 1081 777 1161 ἐκρατήθησαν
790 1078 840 1140 riui
855 1079 972 1142 uineas
985 1084 1083 1163 μάχη.
1126 1084 1280 1143 Indefinite

207 1174 261 1219 out
272 1161 347 1221 falso
361 1163 408 1221 aio
422 1161 553 1219 dictum:
574 1179 635 1238 quo
648 1166 844 1237 argumento?
868 1171 961 1229 certo,
984 1144 1065 1239 quod
1079 1162 1195 1221 Livium
1217 1166 1281 1241 ejus

208 1240 251 1297 rei
270 1251 422 1300 auctorem
442 1240 503 1309 dat,
524 1239 574 1317 qui
596 1238 692 1316 palam
713 1250 817 1299 contra
836 1239 965 1317 scripsit,
987 1250 1020 1299 ut
1037 1244 1101 1319 jam¹
1120 1254 1281 1300 ostensum.

207 1320 286 1377 Nam
306 1320 481 1379 Plutarchus
499 1318 549 1387 ibi,
568 1316 622 1387 Ὡς
636 1319 660 1377 ol
670 1320 795 1378 πλεῖστοι
816 1318 980 1398 νομίζουσιν,
999 1320 1046 1380 nal
1064 1320 1280 1389 bisinterea.

209 1397 265 1457 Ille
278 1418 348 1456 vero
361 1398 420 1457 hoe
434 1417 494 1457 non
507 1397 626 1455 scribit:
650 1407 681 1454 et
699 1416 888 1476 quocumque
908 1418 968 1458 rem
993 1411 1098 1471 vertas,
1119 1400 1192 1457 XIV
1213 1360 1246 1457 X
1273 1443 1281 1456 .

209 1477 337 1535 incendii
351 1478 417 1547 erit,
433 1477 492 1534 imo
509 1475 584 1535 XIII
609 1475 744 1547 fortasse,
771 1479 867 1553 (tanto
885 1476 1000 1557 longius
1019 1479 1147 1556 aXVI.)
1170 1478 1195 1536 si
1211 1479 1280 1539 Plu-

210 1556 315 1614 tarcho
334 1567 365 1615 et
380 1556 504 1635 Polybio
524 1553 653 1614 credam.
686 1555 742 1614 Ille
760 1556 791 1613 in
810 1556 933 1615 Camillo
954 1578 979 1615 c.
993 1562 1040 1619 22,
1053 1579 1082 1636 p.
1097 1562 1166 1619 308.
1180 1557 1236 1617 iste
1250 1561 1281 1629 2,

214 1640 258 1694 18.
270 1635 413 1704 scribunt,
427 1654 486 1693 non
496 1644 618 1714 postero,
633 1645 667 1693 ut
681 1633 793 1704 Livius,
807 1636 861 1693 sed
874 1637 958 1696 tertia
968 1638 1088 1716 denique
1097 1639 1144 1697 die
1154 1658 1281 1718 apagite

213 1713 310 1773 Gallos
324 1714 469 1793 irrupisse.
509 1713 548 1772 Et
561 1712 709 1772 consentit
724 1714 825 1787 etiam,
839 1726 890 1773 aut
904 1726 985 1775 certe
998 1716 1153 1795 distinguit
1168 1729 1198 1775 et
1212 1737 1283 1776 con·

211 1792 291 1852 ciliat
304 1793 352 1851 lo.
366 1794 495 1852 Zonaras
506 1792 612 1850 Annal.
633 1795 661 1855 7.
674 1796 721 1853 23.
743 1794 792 1871 qui
808 1803 924 1873 postera
946 1795 1058 1873 quidem
1081 1797 1127 1855 dic
1144 1796 1227 1855 ivisse
1246 1796 1287 1855 nd

210 1871 307 1931 urbem
327 1872 399 1942 vult,
419 1870 478 1939 scd,
500 1892 563 1929 cum
577 1881 679 1951 portas
693 1882 807 1961 apertas
820 1873 959 1942 viderent,
979 1873 1144 1945 substitisse,
1165 1875 1284 1933 insidias

210 1950 312 2014 venitm
318 1980 328 2022 ,·
353 1961 380 2009 et
398 1949 484 2011 tertio
504 1950 625 2026 denique
644 1950 690 2008 die
710 1971 862 2028 ingressos.
903 1953 1019 2030 Itaque,
1038 1964 1071 2011 ut
1084 1954 1194 2021 finiam,
1214 1952 1285 2010 nihil

212 2030 318 2089 erroris
333 2030 361 2086 in
376 2030 501 2089 Tacito:
525 2048 593 2087 curn
607 2028 693 2087 Livio
707 2030 799 2087 sentit
813 2040 843 2087 et
856 2028 971 2107 priscis,
987 2052 1061 2110 quos
1074 2031 1195 2091 adduxi.

734 2188 774 2246 B.

636 2339 728 2433 CAP.
749 2339 861 2400 LXIX.

253 2500 457 2557 Pannooera
474 2496 590 2557 Seneca
603 2496 744 2555 describit
758 2498 845 2577 epist.
858 2503 895 2559 95
916 2502 994 2580 (96).
1035 2502 1159 2561 Transeo
1173 2503 1288 2581 agmina

215 2580 396 2648 caelatorum,
411 2598 468 2658 per
487 2579 614 2636 nationes
635 2578 797 2655 colorcsque
818 2578 973 2657 deserique,
996 2594 1027 2639 ut
1047 2582 1143 2640 eadem
1163 2582 1288 2641 omnibns

214 2657 313 2718 levitas
326 2658 374 2726 sit,
388 2656 487 2716 cadem
498 2659 602 2736 primae
618 2677 748 2715 mensura
762 2658 915 2735 lanuginis,
935 2659 1031 2717 cadem
1045 2661 1154 2738 specics
1169 2660 1287 2739 capillo-

214 2758 286 2797 rum.
315 2735 450 2796 Julianus
460 2735 489 2792 in
499 2735 674 2795 Antiocbico
686 2756 715 2813 p·
725 2740 794 2797 350.
829 2742 871 2798 Ου’
885 2740 1003 2818 κρεῖττον
1016 2734 1048 2817 ἢν
1057 2738 1184 2801 o’iwds'sut
1195 2740 1288 2822 μύρων

213 2813 262 2893 τὴν
286 2813 394 2896 oiyopoin
415 2812 573 2891 βαδίζοντός
598 2836 657 2883 σου,
682 2814 730 2873 nul
754 2817 855 2887 παῖδας
880 2815 1014 2895 ἡγεῖσθαι
1039 2818 1152 2889 sanaris,
1179 2820 1217 2887 εἰς
1243 2816 1288 2887 oris

214 2895 419 2954 dnotninooorn
433 2895 456 2952 oi
468 2892 598 2953 nonirai:
627 2893 670 2950 Hi
684 2894 776 2971 quaeri
790 2896 964 2973 plerumque
983 2897 1021 2955 ad
1038 2898 1142 2956 illicita
1155 2898 1288 2955 dominis.

217 2974 301 3032 Suet.
314 2973 434 3031 Nerone
448 2992 475 3031 c.
491 2976 537 3031 28.
560 2976 653 3050 Super
669 2971 851 3050 ingenuorum
867 2974 1048 3052 paedagogia
1061 2988 1090 3033 et
1103 2986 1289 3035 matronarum

217 3050 424 3111 concubinatus.
456 3051 633 3129 Poedagogia
646 3051 723 3109 enim
736 3071 794 3109 non
809 3052 920 3131 culpat,
935 3052 989 3111 sed
999 3055 1079 3132 quod
1094 3074 1132 3113 ex
1147 3055 1291 3130 ingenuis.

217 3130 343 3188 Tertull.
358 3131 449 3207 Apol.
465 3135 511 3190 13.
555 3131 626 3188 Cum
643 3131 677 3188 de
696 3130 877 3212 paedagogiis
889 3131 990 3191 aulicis
1002 3132 1093 3192 neseio
1108 3154 1191 3212 quem
1203 3134 1289 3193 eines·

216 3208 285 3268 dum
308 3209 483 3282 (Antiboum
504 3208 657 3285 intelligit)
682 3210 780 3268 Deum
794 3210 908 3289 facitis.
948 3210 1062 3275 Notitia
1077 3212 1197 3291 Imperii
1216 3224 1289 3274 sect.

221 3294 267 3347 11.
287 3288 339 3346 sub
353 3286 534 3365 dispositione
555 3288 609 3347 oiri
626 3288 789 3367 spectabilis
812 3290 967 3349 Castrensis
986 3290 1167 3351 collocantur
1188 3310 1290 3351 rann-

220 3385 334 3426 cocra.
349 3384 608 3427 nrursrnnranns
623 3386 788 3429 consutor.
803 3387 896 3427 cuam
911 3386 1139 3431 ennarroannr.
1180 3372 1290 3430 Plinius

218 3450 316 3516 33,12
333 3448 416 3523 (54).
440 3446 508 3506 Jam
523 3467 588 3505 ocro
602 3456 629 3505 et
637 3446 818 3526 paedagogia
833 3447 871 3506 ad
883 3450 1030 3509 transitum
1043 3451 1188 3511 virilitatis
1199 3466 1290 3511 custo«-

219 3525 334 3586 diantur
352 3534 489 3603 argento.-
510 3526 591 3604 quod
611 3526 649 3585 de
669 3526 768 3585 fibulis
788 3526 935 3605 argenteis
956 3529 1095 3600 exaudio,
1114 3530 1224 3589 Veneri
1244 3550 1291 3589 ar-

219 3604 332 3664 cendae.
374 3604 452 3663 Usus
474 3605 562 3663 etiam
584 3623 686 3663 eorum
705 3604 743 3664 ad
759 3624 899 3663 mensam.
941 3607 1085 3685 Ulpianus
1104 3610 1124 3668 l.
1141 3614 1186 3668 12.
1203 3612 1218 3686 6
1242 3614 1292 3670 32.

219 3684 257 3741 de
272 3683 420 3742 Instructo
435 3682 481 3740 vel
496 3683 629 3743 instrum.
643 3683 703 3761 leg.
740 3684 773 3743 Si
786 3685 947 3743 instructum
959 3688 1086 3765 fuarlum
1101 3690 1235 3768 legasset,
1257 3710 1292 3747 ca

213 3762 401 3842 paedagogia,
422 3783 489 3841 quoe
502 3762 541 3822 ibi
553 3763 683 3831 babebat,
698 3776 738 3832 ut,
754 3783 817 3822 eum
832 3764 870 3823 ibi
885 3766 1013 3835 uenisset,
1028 3778 1139 3846 praesto
1157 3767 1293 3826 essentia

218 3838 351 3911 triclinio,
379 3839 475 3921 legato
500 3842 682 3901 continentur.
723 3842 790 3901 Hos
816 3842 965 3903 habebant
990 3844 1020 3903 in
1043 3858 1126 3905 veste
1153 3846 1292 3922 pretiosa.

220 3921 335 3979 Seneca
348 3920 397 3979 De
411 3922 471 3980 vita
490 3922 578 3980 beata
598 3942 624 3981 c.
641 3923 687 3984 17.
735 3922 833 3989 Quare
850 3924 1058 4003 paedagogium
1073 3924 1198 4007 pretiosa
1219 3936 1294 3986 veste

219 3999 419 4080 succiagitnr?
448 4001 635 4059 Imoaurata.
664 4000 748 4059 Idem
764 4001 989 4081 DeTranquill.
1004 4024 1030 4063 c.
1046 4009 1072 4063 1.
1106 4004 1295 4085 Proestringit

220 4079 342 4137 animum
356 4088 512 4157 apparatus
525 4078 645 4157 alicujus
659 4080 846 4159 paedagogia
865 4082 1033 4160 diligentius
1047 4104 1131 4162 quam
1144 4084 1221 4143 intra
1229 4088 1294 4166 pri·

219 4171 313 4216 natum
335 4156 426 4217 larem
448 4158 548 4218 uestita
572 4169 599 4217 et
623 4180 694 4217 auro
717 4162 796 4217 culta
819 4160 960 4240 mancipia
983 4176 1012 4220 ct
1031 4168 1135 4241 ag’mcn
1154 4184 1294 4225 seruorum

217 4236 372 4296 nitentium.
425 4236 600 4295 Ammianus
620 4241 670 4308 26,
692 4242 720 4299 6.
754 4238 865 4299 Tunica
885 4260 955 4299 auro
976 4240 1118 4314 distincta,
1147 4253 1178 4301 ut
1198 4246 1295 4322 regius

219 4316 355 4385 minister,
370 4316 481 4375 udatus
501 4318 611 4375 aealoe
623 4316 654 4374 in
667 4318 782 4397 pubem,
800 4318 830 4375 in
843 4319 1056 4398 paedagogiani
1069 4322 1153 4398 pueri
1165 4322 1293 4401 pestem.

220 4395 287 4453 Neo
300 4394 382 4453 aliud
395 4396 486 4454 sensit
499 4414 567 4453 cum
582 4395 620 4452 de
634 4414 707 4454 auro
721 4396 832 4455 Plinius
842 4397 960 4475 scripsit
973 4404 1022 4469 33,
1038 4406 1057 4461 3
1076 4402 1157 4479 (12).
1197 4402 1294 4459 Hane·
1325 4438 1327 4443 -

217 4475 290 4533 ttius
304 4473 359 4536 oiri
369 4475 554 4557 paedagogiis
566 4473 601 4534 id
611 4474 721 4546 domus,
743 4474 923 4555 balineasque
942 4476 1018 4538 diues
1027 4480 1129 4558 stirme
1142 4500 1295 4559 puerorum
