3034 4967
537 223 599 282 AD
615 219 780 284 ANNAL.
799 218 879 281 Lm.
897 217 957 279 111.
1225 223 1279 281 14⁵

209 385 306 450 iimo
320 387 348 450 tl
363 385 463 458 adrosis
475 367 630 451 iarsstSia
639 386 810 469 ἀγνοέντας,
820 383 860 446 irs
870 381 1278 464 aasapeprimrat,aaiiiam

206 469 299 542 adroif
318 463 393 546 ξΙφη,
406 467 488 549 λόγῳ
507 470 571 546 μὲν,
586 453 617 528 lr‘
628 465 836 542 ἐπισκέψωνται
853 461 945 534 αὐτοὶ,
957 459 1022 545 ὅπερ
1033 463 1115 525 tins
1126 466 1278 544 γενέσθαι,

205 547 228 605 εἰ
237 544 303 621 ὀξέα
314 547 398 620 ἐστὶν,
408 545 484 630 ἔργῳ
496 547 523 608 δὲ
533 545 758 628 ἐπιδεικνύμενος,
767 543 809 610 ὅτι
818 541 891 604 olon
900 541 1079 626 αὸτῷμὲλιι,
1087 556 1148 604 etc.
1168 547 1280 606 Caussa

208 643 281 702 ergo
301 625 371 684 huic
391 629 474 706 quasi
494 628 662 705 proverbio,
672 627 767 762 pund,
779 643 849 684 cum
867 623 978 692 Druso,
991 623 1087 682 crebri
1101 623 1202 682 edenti
1214 623 1278 701 gla-

208 703 345 776 diatores,
359 705 451 784 gladii
464 706 639 784 explorandi
652 724 670 764 o
693 717 837 772 errentur,
851 722 910 760 non
924 702 1081 760 admittere
1094 702 1208 773 solitus,
1222 702 1277 762 nisi

208 781 403 856 acutissimos,
416 785 463 845 sit.
502 785 577 844 Jure
598 803 670 862 ergo
688 783 739 844 ille
751 780 973 861 sanguinarium
995 780 1159 840 lenissimus
1174 793 1278 842 contra

208 861 251 922 M.
260 863 416 1002 Antonips,
426 863 476 943 qui
485 863 600 943 gladios
610 874 714 924 acutos
728 863 763 924 iis
773 882 832 922 non
846 859 986 939 permisit,
995 860 1049 919 sed
1058 860 1181 920 hebetes
1193 861 1277 920 dum-

209 949 294 1000 taxat
307 953 338 1002 et
352 962 370 1001 o
392 955 481 1004 tusos.

725 1123 765 1184 H.

643 1283 734 1344 CAP.
754 1283 866 1344 XLHI.

248 1438 426 1500 Rasumus
439 1440 470 1500 in
485 1440 569 1500 Orat.
583 1439 722 1500 Eumenii
731 1440 871 1502 Rhetorit
881 1460 908 1501 c.
921 1445 966 1501 14.
979 1451 1106 1518 quaesti
1127 1438 1279 1500 Mereatur

207 1529 236 1576 at
249 1515 331 1577 Galli
343 1519 438 1588 nostri,
453 1533 484 1578 ut
496 1541 591 1580 eorum
606 1512 713 1592 liberis,
726 1540 843 1602 quoram
861 1520 920 1580 vita
936 1520 966 1579 ia
980 1518 1278 1598 Augustodaaamiam

206 1597 308 1676 oppido
321 1599 570 1678 ingeminantibus
582 1600 720 1672 eraditur,
734 1613 789 1660 etc.
802 1610 906 1659 contra
918 1609 1049 1659 veterem
1059 1597 1219 1658 editionem
1229 1615 1278 1656 re·

209 1677 340 1735 scribere
353 1677 444 1738 audet
457 1679 762 1759 Aagrsstoclioiensiam
771 1703 786 1748 ‚-
805 1679 907 1757 itaque
928 1678 1031 1738 edidit.
1058 1675 1115 1737 '0s
1131 1675 1277 1736 hominis!

141 1783 145 1788 -
208 1753 331 1814 Scilicet
351 1766 414 1814 tota
434 1775 470 1816 ea
486 1757 583 1818 oratio
602 1759 633 1816 in
649 1758 843 1817 Cliviensium
854 1757 964 1817 scholis
977 1755 1173 1816 instaurandis
1185 1773 1287 1828 occu·¹

205 1843 311 1910 patum
332 1851 457 1912 quarum
470 1836 611 1895 memoria
624 1837 694 1910 (nisi
705 1837 785 1914 apud
794 1837 874 1895 huuc
884 1836 1120 1911 dormitatorsm)
1132 1853 1153 1891 n
1208 1851 1278 1892 uam

205 1922 259 1970 aut
271 1931 389 1974 nomen.
432 1913 547 1973 Adsero
562 1913 615 1972 tibi
629 1925 710 1974 tuam
723 1914 856 1993 gloriam,
872 1911 1140 1992 Augustodunumz
1159 1930 1179 1970 v
1218 1931 1279 1972 uno

204 1988 279 2061 ictu,
295 2011 384 2071 quern
397 1991 502 2052 vitabit
514 1993 587 2072 ipse.
628 1993 777 2072 Scriptum
788 1988 829 2052 rlri
843 1992 920 2052 enim
934 2011 962 2052 c.
975 1999 1005 2051 4.
1034 1993 1183 2052 Civitatem
1195 1989 1279 2052 itam

205 2078 233 2128 at
252 2070 320 2131 olim
327 2072 470 2150 fraterno
486 2071 597 2150 Populi
610 2072 738 2132 Romani
750 2073 861 2134 aomina
870 2073 1035 2150 gloriatam·
1073 2069 1134 2136 Qui
1147 2079 1247 2130 autem
1259 2089 1279 2130 a

207 2148 311 2221 Gallis,
325 2151 431 2210 fratres
446 2152 551 2228 Populi
566 2152 703 2222 Romani,
715 2164 825 2231 praetcr
836 2151 970 2210 AEduos?
991 2169 1118 2230 quorum
1131 2149 1197 2210 haec
1207 2151 1279 2209 urbs

206 2239 305 2306 caput.
347 2231 391 2287 At
407 2230 485 2289 euim
505 2229 616 2290 ibidem
631 2232 775 2310 scriptum
796 2230 842 2310 (id
860 2249 956 2308 nuper
974 2229 1064 2289 homo
1080 2228 1194 2289 amicus
1205 2229 1278 2286 milri

206 2307 380 2386 objiciebat)
401 2308 550 2370 latrocinio
572 2329 634 2369 eam
657 2311 805 2372 Batnoica
824 2310 987 2369 remmono
1008 2307 1147 2369 obsessam
1159 2307 1276 2386 ficiam.-

207 2386 289 2464 quod
308 2386 359 2446 vix
380 2389 537 2447 convenire
578 2390 682 2449 utabat
702 2392 733 2450 in
751 2389 875 2458 AEduos,
894 2389 945 2467 qui
959 2408 978 2447 a
993 2388 1112 2446 Batavis
1124 2388 1174 2446 siti
1187 2387 1278 2465 longo

206 2465 370 2526 intervallo.
405 2467 534 2527 Scdvito
556 2467 632 2528 acilo
643 2468 817 2548 petitionem
826 2469 900 2546 ejus,
909 2481 940 2526 et
948 2466 1072 2526 discedo
1081 2467 1175 2525 latere
1184 2476 1278 2526 tecto.

207 2544 285 2604 Nam
300 2558 456 2624 corruptus
471 2547 565 2619 locus,
579 2548 746 2628 scriboque,
761 2547 948 2627 Bagaadicoe
963 2544 1134 2606 rebellionis.
1172 2544 1277 2604 Batavi

207 2622 335 2696 latrones
356 2645 516 2704 numquam
539 2627 578 2685 ad
603 2645 639 2686 ea
662 2627 764 2706 penita
785 2625 872 2694 loca;
895 2643 954 2685 nec
977 2624 1123 2684 latrocinii
1142 2624 1277 2683 Batavici

206 2703 318 2761 mentio
332 2703 362 2762 iu
375 2705 606 2776 mediterraneis,
618 2708 673 2766 sub
686 2705 717 2764 id
730 2725 836 2766 aevum.
874 2707 912 2765 At
925 2705 964 2763 de
978 2703 1127 2782 Bagaudis
1140 2715 1279 2762 auctores

208 2781 360 2852 credendi,
372 2783 422 2860 qui
435 2803 483 2842 res
498 2785 678 2864 scripserunt
688 2785 879 2845 Dio'cletiaui.
920 2783 1025 2842 Victor
1035 2804 1062 2843 c.
1071 2788 1120 2843 39.
1146 2784 1279 2862 Namque

205 2861 256 2920 ubi
266 2861 410 2944 comperit,
424 2863 526 2923 Carini
538 2863 659 2923 (incestu
672 2863 827 2924 AElianam
843 2864 1057 2942 Amaadamqae
1069 2882 1127 2940 per
1141 2860 1279 2930 Galliam,

205 2941 300 3000 moira
313 2962 400 3001 manu
415 2944 568 3022 agrestium
582 2964 615 3003 ac
629 2945 781 3012 latronam,
797 2965 866 3022 quoa
881 2943 1040 3022 Bagaadaa
1053 2941 1154 3000 incola
1162 2949 1277 3010 uocum,

201 3018 349 3099 populatis
361 3019 419 3080 lata
433 3023 523 3100 agris,
534 3021 688 3158 plcraapua
703 3023 815 3082 arbium
831 3032 941 3081 tentare
948 3045 963 3091 ,-
986 3019 1200 3080 Maximianum
1217 3019 1278 3077 Im·

201 3109 383 3180 parciorem.
397 3141 404 3156 .
420 3146 427 3160 .
441 3144 449 3160 .
455 3099 550 3178 jabet.
591 3103 630 3161 Sa
642 3102 744 3162 vianus
758 3102 797 3160 dc
810 3101 976 3160 Gubernat.
989 3099 1048 3158 Dei
1059 3103 1091 3169 5,
1105 3103 1135 3158 5.
1173 3098 1279 3176 Itaque
1303 3148 1305 3151 .

200 3179 312 3258 passim
332 3180 379 3236 vel
396 3179 436 3236 ud
455 3179 574 3252 Gothos,
587 3179 632 3241 oei
644 3181 684 3240 ad
697 3181 865 3260 Bagardat,
878 3180 924 3240 vel
936 3180 976 3239 ad
989 3177 1062 3238 alica
1075 3177 1176 3260 abipsa
1187 3176 1277 3236 domi·

205 3269 304 3317 anates
316 3255 452 3316 barbaros
466 3259 605 3338 migrant,
615 3269 642 3318 et
653 3259 788 3341 migrasse
796 3260 984 3338 aospoersitet.
1009 3257 1088 3316 Vide
1097 3268 1129 3316 et
1138 3256 1278 3316 Orosium

205 3337 237 3406 7,
247 3341 298 3397 25.
318 3336 370 3395 ubi
384 3347 492 3408 tamen,
507 3339 662 3400 Boticadm
674 3339 704 3396 in
717 3358 850 3398 manusc.
870 3340 986 3409 codice,
1000 3337 1051 3429 qui
1065 3336 1146 3416 apud
1157 3354 1206 3394 me
1219 3347 1276 3406 est,

205 3417 327 3493 legitur,
347 3413 425 3474 sicut
445 3427 477 3476 et
499 3417 689 3478 Booalaoidoe
708 3418 738 3476 in
760 3418 883 3477 Eusebii
906 3416 1062 3480 Chronrcis
1080 3416 1120 3478 ad
1139 3415 1188 3476 01.
1208 3417 1276 3476 266.

207 3495 379 3574 spernimus
400 3514 472 3574 ergo
492 3497 791 3575 Augustocliviensss,
814 3497 950 3560 Rhenani
970 3497 1092 3556 colonos
1112 3513 1222 3555 novos:
1245 3505 1276 3553 et

206 3573 358 3634 Maeniana
376 3574 427 3634 illa
445 3575 655 3652 Augustoduui
669 3575 885 3649 constituimus,
899 3589 934 3638 ut
946 3575 995 3636 hic
1009 3595 1049 3634 ex
1062 3575 1168 3635 'l'acito
1181 3573 1276 3644 vides,

175 3719 177 3722 ,
206 3652 403 3713 vetustissima
415 3665 483 3732 post
495 3655 666 3725 Massiliam,
680 3656 823 3716 bonarum
837 3656 945 3714 artium
954 3655 1061 3716 scde*.

247 3733 330 3792 Aun.
351 3733 471 3810 Ergone
488 3746 639 3794 certamen
653 3733 724 3792 mihi
737 3753 856 3805 novum,
870 3755 925 3812 pro
938 3733 1088 3793 veteribus
1101 3729 1275 3791 aniauisi

206 3831 315 3872 novum
337 3822 368 3871 et
387 3832 536 3890 magnum,
557 3833 625 3872 cum
645 3813 709 3873 viro
726 3831 852 3894 magno:
878 3825 988 3884 tecum,
1010 3811 1161 3890 Stephane
1180 3807 1276 3887 Pighi,

208 3892 259 3972 qui
271 3893 301 3949 in
316 3891 449 3950 Hercule
460 3892 598 3952 Prodicio
611 3911 716 3971 nuper,
726 3892 792 3970 ipso
805 3893 888 3952 aditu
901 3893 945 3952 tui
958 3893 1067 3971 operis,
1076 3891 1118 3948 ita
1127 3888 1235 3947 acriter
1246 3899 1277 3948 et

206 3972 306 4030 multis
326 3969 468 4030 machinis
483 3989 533 4030 eas
548 3972 736 4050 oppugnasti,
752 3982 786 4032 ut
799 3972 940 4040 nesciam,
955 3989 993 4030 an
1006 3970 1060 4027 sim
1073 3968 1277 4047 repugnando.

208 4051 331 4122 Tamen,
346 4051 416 4130 quia
435 4069 547 4112 caussae
559 4050 684 4121 bonitas,
699 4050 754 4108 nisi
768 4050 865 4121 fallor,
879 4071 899 4111 a
911 4071 959 4110 mc
973 4059 1028 4118 est,
1041 4047 1119 4106 nitar
1132 4067 1187 4128 pro
1199 4048 1277 4106 veri·

206 4140 285 4199 tate;
307 4132 460 4210 disponam
470 4130 548 4190 hanc
562 4129 620 4190 stili
634 4130 740 4202 aciem,
753 4147 858 4189 manus
872 4143 972 4190 tecum
986 4145 1156 4198 conseram
1176 4127 1229 4208 ssd
1242 4139 1279 4186 ut

238 4291 253 4318 '
269 4291 346 4355 Apud
361 4290 430 4339 Oros.
446 4289 534 4338 codices
548 4290 635 4338 habent
649 4289 784 4349 namnam,
800 4289 955 4351 Baagaadas.
970 4289 1100 4336 Vacaadaa
1133 4289 1164 4337 In
1175 4286 1279 4337 Eusebia

206 4356 308 4472 &liger
324 4353 423 4405 restituit
438 4355 614 4406 Bacaadoram
647 4353 764 4406 leusiua
773 4355 845 4404 adam
854 4353 919 4418 apud
928 4353 1065 4404 Salvium
1075 4354 1200 4404 Bacaadar
1210 4367 1278 4415 repo·

143 4549 145 4555 ,
213 4473 217 4488 ”
246 4502 320 4543 vor..
336 4503 381 4543 ιν.
1053 4499 1072 4540 n
