3034 4967
202 225 258 286 136
531 227 561 290 J.
582 226 704 300 Ltt’sn
726 229 948 291 EXCURSUS

204 387 967 474 mrdtoanteibant,tiberumsectt,:aquinettenttraodo
975 390 1274 465 &ammonemmtl

203 465 319 543 libertas¹
330 469 414 528 etiam
425 471 539 532 cautius
551 486 581 532 et
594 472 858 543 venustianum
868 496 879 532 :
889 478 907 512 t
928 467 1109 551 ἑξελιιιθὲρνις
1122 469 1201 538 essim
1216 468 1276 527 1)ῑο

204 539 291 614 dixit,
314 569 371 606 non
386 549 587 632 ἀπελευθέρας.
627 547 818 631 Ἐξελεόδεροι
832 565 931 615 autem
946 553 967 610 oi
979 549 1035 608 mir
1048 544 1276 628 ἐλευθερουμένων

204 625 262 696 uini,
275 627 316 686 ait
331 629 512 709 Hesychius)
526 632 629 692 ducere
643 640 770 724 paspent,
783 651 934 710 eorumque
945 630 1045 688 liberos
1060 626 1201 706 δνςὲδὶνιιιιιι
1217 646 1277 686 esse

195 707 295 786 jussit.
335 705 436 781 Emrb
454 711 750 802 edyrviss‘patriomm
769 710 877 786 ubique
891 710 996 768 vertit:
1018 719 1050 766 at
1061 707 1211 784 ingenuum
1223 706 1275 764 de-

206 788 322 853 buerat,
337 806 374 844 ex
389 787 416 843 vi
429 788 521 854 verbi,
536 790 678 868 legisque.
719 789 856 848 Meminit
869 790 974 847 iterum
987 786 1046 844 Dio
1057 790 1107 850 56,
1120 787 1149 847 7.
1165 785 1194 840 in
1208 803 1276 862 per·

205 881 278 922 sona
291 866 435 944 Augusti:
459 867 511 926 Kal
529 867 708 950 ἒξελνοθὲρας
725 870 781 937 τοῖς
801 891 837 946 γε
850 866 980 943 {funeri
999 862 1181 941 βουλευτικοῦ
1199 857 1276 922 οδσιν

205 939 335 1022 ἄγεσθαι
351 944 544 1027 συνεχώρησα.
567 947 606 1006 Et
616 949 721 1006 eodem
733 965 832 1006 errore
843 949 883 1006 ibi
895 948 1049 1024 interpres,
1058 941 1090 1004 rb
1100 940 1277 1020 βουλευτικὸν

201 1023 342 1100 patricios
359 1026 459 1099 vertit,
479 1046 545 1084 eum
567 1028 728 1086 senatorios
748 1045 818 1084 vere
836 1039 947 1104 posset.
987 1027 1093 1083 Latum
1113 1023 1172 1081 hoc
1185 1031 1277 1099 caput

207 1102 396 1161 matrimoniis
416 1105 654 1182 frequentandis:
676 1116 718 1175 ut,
736 1105 863 1183 siquem
882 1104 1045 1182 digniorem
1063 1119 1146 1160 amor
1159 1115 1211 1158 aut
1225 1118 1276 1158 vo·

206 1179 304 1239 luntas
319 1183 456 1240 traxisset
470 1183 507 1242 ad
522 1185 615 1261 impar
626 1186 742 1262 jugum,
758 1184 826 1261 lege
836 1185 921 1262 jpngi
942 1184 1056 1240 liceret.
1098 1179 1174 1238 Nam
1189 1190 1276 1236 antea

206 1259 340 1318 vetitum.
384 1262 489 1340 Neque
505 1264 703 1322 Decemvirali
719 1265 798 1340 lege,
817 1263 941 1342 patricio
955 1280 1022 1322 cum
1037 1259 1164 1338 plebeia,
1178 1274 1276 1334 neque

206 1338 335 1415 ingenuo
351 1361 420 1400 cum
434 1341 578 1412 libertina,
594 1342 733 1402 connubii
750 1345 809 1420 jus.
849 1343 934 1400 Prius
951 1339 1110 1399 abolitum:
1130 1336 1276 1396 meminit·

207 1437 265 1496 que
279 1419 380 1478 Livius
394 1424 424 1486 4,
443 1427 454 1479 l
472 1432 501 1480 et
515 1426 543 1482 4.
559 1421 589 1479 in
601 1421 732 1480 oratione
747 1421 881 1482 Canuleii
897 1419 1036 1478 Tribuni:
1058 1430 1088 1477 et
1104 1421 1152 1486 10,
1164 1421 1212 1476 23.
1226 1415 1277 1474 ubi

206 1508 349 1560 matronae
369 1499 500 1578 patriciae
513 1500 684 1578 Virginiam‚
707 1501 788 1578 quod
802 1520 819 1558 e
835 1500 968 1580 patribus
987 1496 1164 1634 enupsisset,
1185 1494 1278 1554 sacris

206 1586 375 1638 arcuerunt.
417 1577 528 1639 Mansit
542 1579 696 1658 posterius,
711 1579 749 1638 ad
763 1580 841 1638 hanc
853 1580 961 1657 legem.
1001 1576 1037 1634 Vi
1060 1595 1159 1653 equae
1169 1574 1278 1634 Cicero

207 1656 337 1714 Antonio
351 1655 389 1716 de
404 1657 493 1716 Fadia
508 1659 619 1737 objecit
632 1658 706 1720 Phil.
720 1663 748 1729 d,
763 1662 792 1718 2.
856 1717 858 1723 .

247 1785 362 1860 Carus·
382 1788 547 1846 subnexum
565 1787 642 1846 forte
663 1787 769 1866 priori:
794 1785 831 1846 de
851 1786 989 1847 connubio
1029 1793 1192 1845 atronorum
1214 1802 1276 1841 eum

203 1861 367 1925 libertabus.
386 1868 552 1926 Verborum
566 1877 680 1946 partem
694 1866 839 1946 Ulpianus
853 1865 994 1945 appendit
1004 1808 1082 1923 iibro
1093 1869 1121 1924 3.
1131 1862 1170 1922 ad
1179 1863 1278 1938 legem

205 1942 315 2002 Juliam
330 1956 362 2003 et
376 1946 495 2025 Papiam
509 1945 549 2004 D.
565 1947 584 2008 l.
598 1949 646 2008 45.
668 1947 716 2005 De
730 1947 790 2006 ritu
808 1958 892 2025 nupt.
911 1947 947 2004 In
961 1964 997 2003 eo
1005 1945 1084 2023 jure,
1100 1942 1179 2022 quod
1194 1940 1277 2000 dicit.

207 2041 323 2082 rrrvrro
338 2043 496 2094 arraona,
512 2043 681 2084 arenarum
700 2043 773 2091 oum
788 2046 824 2084 rer
842 2043 952 2084 noers
966 2042 1036 2094 ssa,
1050 2040 1121 2081 sun
1140 2039 1276 2080 nassas

206 2119 275 2162 nors
293 2122 397 2172 rossa,
417 2123 595 2163 sarnanum
616 2122 796 2171 accrrrmos,
816 2116 875 2162 etc.
916 2101 957 2160 Et
973 2102 1052 2158 idem
1070 2101 1178 2158 iterum
1192 2100 1214 2159 l.
1230 2105 1277 2160 ll.

206 2181 254 2240 De
266 2183 414 2241 divortiis:
437 2182 517 2259 quod
530 2183 571 2240 ait
585 2183 644 2248 lex,
660 2200 809 2239 mvoaru
823 2199 978 2240 sacrarum
993 2197 1150 2238 Porsenna
1164 2197 1278 2238 arasa·

205 2279 265 2332 am,
279 2279 350 2328 oum
376 2277 485 2318 norea
503 2278 562 2318 aar
585 2279 743 2331 arraona,
767 2279 812 2318 us
835 2279 924 2327 sero,
940 2276 1089 2326 autumo
1108 2277 1276 2316 arenosus

205 2357 342 2398 uxonnsr
356 2357 424 2398 arar
439 2358 514 2398 assu
529 2357 645 2402 vonam
666 2339 741 2398 Vide
758 2340 950 2418 interpretem
965 2356 1086 2416 eumpse
1098 2335 1276 2418 Ulpianum:

205 2430 237 2476 et
251 2419 328 2476 adde
342 2418 360 2477 l.
378 2423 403 2480 l.
417 2421 463 2478 Dc
478 2421 605 2479 concub.

255 2548 369 2608 Carus
385 2547 621 2631 desponsalibus,
637 2553 750 2630 quando
764 2561 792 2610 et
806 2571 862 2629 qua
873 2551 933 2628 fini
948 2549 1150 2608 contradenda.
1193 2548 1278 2606 Sum·

205 2627 404 2721 ptumedulia
412 2628 450 2688 de
459 2630 627 2688 maritandis
637 2630 797 2698 ordinibus,
807 2630 905 2686 indice
917 2628 1060 2686 Suetonio
1070 2633 1118 2689 34.
1141 2627 1276 2704 Cumque,

204 2706 311 2785 inquit,
321 2706 526 2768 immaturitate
535 2729 700 2787 sponsarum
715 2719 741 2768 et
755 2709 999 2768 matrimoniorum
1012 2707 1111 2766 erebra
1125 2707 1279 2764 mutatione

204 2785 261 2845 aim
273 2784 344 2865 tegis
358 2786 436 2846 eludi
448 2788 572 2858 sentiret,
586 2798 639 2846 tem
660 2809 693 2847 us
706 2810 823 2868 sponsas
835 2787 958 2848 habendi
970 2785 1118 2846 coartavit.
1149 2785 1278 2862 Sponsa·

204 2865 276 2923 lium
292 2865 370 2923 enim
381 2866 451 2924 olim
465 2867 591 2935 lieentia,
604 2887 621 2926 a
643 2882 748 2944 spectu
760 2866 841 2925 nullo
853 2866 956 2925 aetatis.
979 2868 1022 2924 At
1032 2867 1196 2941 Augustus,
1207 2881 1277 2920 cum

206 2942 325 3022 quidam
346 2945 515 3004 immaturas
537 2947 623 3022 plane
638 2947 765 3024 virgines
780 2946 1008 3023 desponderent,
1024 2957 1053 3002 et
1067 2943 1163 3000 mariti
1177 2953 1279 3000 essent

205 3043 264 3081 non
278 3023 390 3083 mariti:
406 3025 543 3084 arcendae
557 3025 626 3084 huic
636 3025 734 3084 fraudi
748 3038 864 3102 tempus
875 3024 988 3082 definiit
999 3033 1177 3098 :etatemque
1189 3038 1277 3096 spano

204 3101 337 3170 tionum:
357 3103 398 3161 ita
413 3115 445 3162 ut
459 3125 518 3162 non
532 3116 601 3162 ante
615 3104 764 3163 decimum
778 3124 885 3162 anuum
899 3122 1006 3180 sponsa
1017 3119 1174 3179 quaequam
1188 3110 1278 3159 esset.

206 3181 294 3240 Clare
303 3183 363 3240 Dio
372 3187 422 3250 54,
438 3186 482 3243 16.
519 3180 574 3253 Ὠς
588 3182 616 3243 δὲ
628 3179 672 3243 οὖν
684 3181 772 3260 βρέφη
786 3181 857 3251 τινὲς
867 3177 1053 3263 ἐγγυώμενοι,
1060 3177 1114 3249 τοὶς
1127 3178 1180 3260 μὲν
1192 3175 1278 3258 τιμοδς

204 3259 259 3320 τῶν
273 3282 354 3340 γεγοι
377 3257 482 3338 quirun
494 3263 667 3343 ἐκαρποῦντο,
676 3259 706 3324 rb
722 3262 749 3320 δὲ
761 3259 842 3343 ἔργον
855 3261 949 3321 οιιδτῶν
959 3264 988 3320 ου’
1003 3256 1181 3340 τοιρεὶχοντο,
1191 3275 1277 3336 τροτ-

206 3335 287 3415 ἑτοιξε
306 3284 443 3421 μηδδμίαν
457 3341 564 3423 ἐγγύην
587 3341 707 3420 ἰσχύειν,
728 3342 792 3420 μεθ’
811 3339 844 3418 ἢν
863 3339 923 3400 οὐδὲ
945 3338 1013 3398 δυοῖν
1032 3339 1099 3397 ἐτοῖν
1118 3335 1277 3396 διελθόντων

204 3419 330 3498 γαμήσει
344 3439 396 3488 τις.
415 3418 539 3480 τουτέστι
555 3417 657 3480 δεκέτιν
671 3420 783 3488 naarai:
794 3419 961 3499 ἐγγυᾶσθαι
975 3415 1021 3477 τὸν
1034 3414 1071 3497 γε’
1090 3435 1116 3476 τι
1130 3413 1180 3477 da'
1193 3413 1278 3491 αὐτῆς

193 3496 410 3560 οδτολοιότονττ,
433 3498 539 3558 δώδεκα
548 3496 605 3579 γὰρ
616 3502 676 3568 ταῖς
687 3496 780 3579 κόραις
789 3499 816 3567 ἐς
824 3497 874 3576 τήν
883 3497 930 3558 τοῦ
938 3497 1034 3577 γάμον
1044 3494 1117 3572 ὥραν
1131 3493 1177 3572 ἔτη
1188 3491 1276 3574 πλήρη

205 3575 353 3652 νομίζεται.
386 3577 421 3634 ld
435 3588 496 3634 est:
517 3582 557 3635 At
572 3599 631 3636 cum
647 3577 762 3656 quidam
771 3599 877 3659 pueros
889 3577 1102 3657 desponderent,
1117 3584 1145 3634 et
1152 3574 1278 3655 praemia

129 3702 132 3706 .
205 3656 388 3716 nibilominus
389 3658 510 3734 ferrent
520 3657 696 3727 maritorum,
707 3678 764 3716 rem
777 3677 901 3737 opusque
910 3655 1008 3715 mariti
1018 3676 1074 3714 non
1084 3663 1280 3735 praestarent:

204 3737 304 3794 statuit
324 3733 431 3792 nuttam
451 3735 627 3815 sponsionem
641 3737 763 3815 firmam
783 3758 851 3806 esse,
869 3744 1029 3815 postquam,
1042 3733 1155 3794 biennio
1168 3742 1279 3802 eundo,

204 3815 313 3894 nuptia:
333 3835 389 3872 non
408 3825 610 3893 sequerentur:
630 3815 682 3875 baa
695 3827 746 3884 est,
767 3825 798 3874 ut
815 3816 928 3874 omnino
941 3815 1089 3873 deeenmm
1107 3813 1279 3891 despondere

241 3916 274 3953 us
288 3903 368 3964 esset,
380 3894 470 3972 siquis
482 3895 640 3974 sponsionis
653 3899 711 3975 ejus
725 3894 807 3956 uellet
816 3898 960 3974 fructum.
999 3889 1108 3951 Puelbis
1121 3892 1196 3952 enim
1209 3893 1280 3950 duo·

202 3914 326 4032 Zama:
339 3994 432 4033 annus
440 3973 553 4054 pierius,
567 3975 608 4032 ad
619 3977 732 4055 nuptias
745 3976 862 4054 definita
877 3981 948 4032 aetas
961 3981 1095 4032 censetur.
1126 3970 1281 4048 Xylander

204 4049 310 4110 Dionis
323 4064 452 4112 mentem
466 4053 553 4132 plane
563 4053 613 4111 hic
623 4074 681 4112 non
697 4055 786 4132 cepit.
815 4053 900 4110 Facit
913 4052 983 4110 huic
995 4049 1084 4128 capiti
1098 4049 1179 4126 quod
1190 4048 1280 4109 Caius

203 4129 255 4187 lib.
273 4133 297 4188 1.
319 4131 370 4188 Ad
384 4130 495 4190 duliam
507 4144 537 4190 et
546 4132 665 4211 Papiam
679 4133 698 4194 l.
716 4139 762 4198 17.
777 4133 815 4191 de
829 4131 1023 4210 sponsalibus,
1037 4127 1170 4204 scripsit:
1192 4127 1281 4208 Srepe

194 4205 288 4287 justce
297 4230 333 4269 aa
343 4211 509 4271 necessarior
517 4233 625 4271 caussa:
639 4234 693 4270 non
705 4211 793 4271 sotum
804 4231 909 4270 annum
920 4209 963 4270 aet
972 4206 1124 4276 biennium,
1133 4206 1280 4270 sedetiam

200 4287 354 4348 triennium
366 4299 392 4348 et
407 4291 622 4370 quadriennium
637 4302 664 4349 et
678 4290 796 4350 ulterius
809 4289 927 4348 trabunt
940 4285 1105 4372 sponsalia:
1127 4284 1215 4348 adecti
1227 4286 1282 4346 ma·¹

199 4365 294 4428 betudo
307 4369 405 4449 sponsi
409 4390 566 4448 sparteae,
582 4367 626 4430 uei
640 4380 740 4430 mortes
750 4372 926 4446 parentium,
940 4378 991 4428 etc.
1068 4395 1070 4398 ·

210 4529 216 4538 ⁸
308 4540 431 4590 'Tamen
441 4557 471 4590 eu
484 4544 533 4590 ritu
545 4546 595 4605 ejus
606 4545 651 4590 reri
662 4542 764 4592 libertini
777 4545 849 4592 iidem
859 4560 913 4591 cnm
924 4541 1020 4600 libertis,
1032 4541 1070 4590 uti
1080 4546 1171 4590 ιιοδιιιιι.
1214 4585 1217 4590 .
