3034 4967
508 223 722 307 otrannus.
741 225 826 289 can.
846 226 894 287 aa
1037 201 1041 209 ’
1189 225 1236 288 97·

177 381 267 480 isque
287 383 423 470 optimus
447 384 578 450 civitatis
598 397 696 450 status
717 383 881 448 habendus
901 394 959 459 est,
980 387 1051 481 quo
1066 381 1143 445 nib'il
1163 381 1236 451 tale.

176 482 331 553 patmum
342 469 407 546 ita,
419 470 687 548 cumaeniderent,
701 469 858 555 ingentem
866 468 1050 556 eloquenttoe
1062 469 1223 534 materiam

175 553 460 628 subministrabant.
504 556 623 620 Crescit
634 556 718 620 enim
736 578 809 618 cum
827 553 1032 643 amplitudine
1052 575 1157 618 rerum
1175 553 1237 616 vis·

1294 298 1316 362 t

176 637 302 725 ingenii,
318 663 376 737 neo
389 640 555 739 quisquam
570 641 686 705 claram
698 643 730 704 e‘t
745 639 905 705 inlustrem
919 639 1089 704 orationem
1103 638 1224 704 effioere
1289 707 1293 712 ,

177 737 288 810 potest,
299 725 357 790 nist
371 749 426 810 qm
440 735 578 792 caussam
592 748 698 812 parem
712 725 839 790 invenit.
882 726 967 804 Non,
976 724 1097 811 opino'r,
1109 725 1233 794 Demo.

146 869 149 877 ,
177 810 315 874 stbetietn
328 812 482 877 orationes
494 811 670 890 inlustrant,
681 833 761 896 quas
773 811 922 875 adversus
930 823 1048 874 tutores
1058 832 1131 875 suos
1139 820 1223 874 'oom-

177 895 298 980 posuit;
322 918 378 960 nec
396 897 575 962 Cioeronem
594 918 743 983 magnum
764 900 917 961 oratorem
940 897 976 959 P.
992 895 1158 973 Quinctius
1170 895 1225 960 de·

177 981 292 1060 fensus,
314 992 370 1045 aut
392 982 532 1048 Licinius
551 983 695 1060 Archias,
717 981 853 1046 iaciunt:
878 980 1014 1046 Catilina
1034 991 1068 1044 et
1090 979 1172 1044 Milo
1191 995 1223 1044 et

178 1067 287 1130 Verres
303 1082 342 1138 ¹et
363 1068 521 1132 Antonius
540 1068 620 1132 hane
642 1067 687 1131 illi
700 1067 817 1131 famam
828 1066 1126 1131 eircumdederunt:
1149 1087 1223 1143 non,

176 1151 343 1236 quia0tanti
363 1153 434 1230 fuit,
451 1153 688 1240 Rempublieam
709 1152 806 1216 malos
826 1152 907 1216 ierre
927 1151 1019 1227 cives,
1042 1164 1079 1215 ut
1095 1151 1224 1217 uberem

176 1236 397 1302 addicendum
418 1239 577 1304 materiam
598 1242 734 1302 oratores
755 1237 922 1311 haberent;
946 1237 1011 1314 sed,
1034 1248 1071 1300 ut
1091 1235 1224 1301 subinde

174 1321 337 1402 admoneo,
350 1325 531 1410 qnaestionis
544 1323 784 1402 meminerimus,
799 1323 1003 1410 sciamusque,
1018 1343 1075 1386 nos
1084 1321 1125 1386 de
1139 1345 1177 1387 ea
1190 1345 1225 1385 re

175 1407 274 1492 loqui,
289 1408 504 1493 quaiaoilius'
512 1408 645 1474 turbidis
666 1423 697 1473 et
716 1408 862 1495 inquietis
883 1407 1075 1494 temporibus
1095 1408 1222 1473 exstitit.

175 1492 255 1580 Quis
277 1492 408 1578 ignorat,
431 1494 538 1560 utilius
558 1518 594 1560 ao
616 1494 726 1559 melius
747 1517 823 1572 esse,
840 1493 904 1558 frui
1025 1515 1122 1580 quam
1143 1492 1225 1558 bello

174 1577 309 1662 nexari?
331 1579 442 1644 Plures
463 1593 566 1646 tamen
590 1581 688 1646 bonos
708 1579 900 1667 proeliatores
919 1516 1011 1656 pets&
1033 1600 1129 1678 quam
1146 1599 1224 1666 pax,
1271 1578 1277 1592 '

138 1683 139 1686 ¹
173 1663 289 1728 ferunt.
333 1664 448 1730 Similis
468 1665 653 1752 eloquentiae
672 1665 827 1730 conditio:
849 1687 933 1743 nam,
955 1686 1021 1750 quo
1038 1686 1152 1752 asapius
1165 1676 1225 1728 ste-

174 1747 248 1826 terit
268 1761 426 1834 tamquam
447 1751 482 1814 in
500 1752 574 1828 anie,
599 1774 738 1836 quo-que
760 1751 866 1837 plures
883 1765 917 1814 et
930 1749 1072 1814 intulerit
1092 1751 1173 1814 ictus
1193 1763 1224 1813 et

101 1874 114 1918 Ι·
173 1832 342 1918 enoeperit,
357 1856 422 1919 quo
440 1836 542 1920 ‘major
563 1835 756 1919 adversarius
776 1850 809 1898 et
830 1835 939 1910 aerior,
958 1835 1086 1930 quicum
1148 1855 1232 1921 guas

174 1918 235 1982 sibi
249 1940 374 2003 asperas
386 1918 601 2068 desumpserit,
616 1933 703 1985 tanto
716 1918 838 1988 altiore
882 1917 1021 1997 xeelssor,
1036 1929 1078 1996 et,
1120 1917 1158 1981 lis
1171 1939 1226 1981 no-

172 2003 316 2068 bilitatus
329 2003 497 2068 discrimini
521 2027 567 2082 ua,
587 2006 620 2068 in
634 2027 688 2068 ore
709 2003 838 2066 hominu
925 2003 960 2083 't‚
974 2025 1109 2089 quorum
1123 2025 1159 2067 ea
1173 2025 1226 2074 na-
1306 2031 1313 2037 ’

175 2103 251 2152 tura·
264 2102 321 2164 est,
337 2103 373 2151 ut
387 2111 493 2152 seeura
507 2088 612 2153 nolint.
1217 2149 1221 2153 ,

131 2219 138 2232 .
219 2173 433 2236 XXXVIII.
458 2176 599 2238 Transeo
612 2174 659 2239 ad
674 2174 807 2238 formam
825 2185 857 2238 et
875 2172 1128 2238 consuetudinem
1144 2186 1226 2238 vete-

174 2282 250 2330 rum
253 2258 457 2343 judiciorum:
473 2283 546 2346 quae
555 2260 613 2326 etsi
622 2282 705 2326 nunc
713 2259 815 2346 aptior
824 2274 871 2324 est
880 2259 1008 2339 civitati,
1018 2258 1225 2345 eloquentiam

207 2498 271 2550 Ado.
280 2500 440 2562 totoressuos]
457 2498 547 2548 Extant
557 2499 633 2564 adhue
641 2507 694 2548 tres-
755 2495 965 2558 Utseoarsneltat]
976 2495 1088 2546 Clausala
1093 2497 1172 2546 addita
1177 2498 1232 2546 lio·¹

174 2562 343 2623 ejusorationes
352 2563 585 2626 eontraAphnbum..
597 2564 684 2613 Demo-
717 2561 832 2625 dolphnss
850 2571 877 2612 nt
887 2564 957 2610 dalis
972 2563 1074 2623 landast,
1091 2577 1172 2610 seesra
1185 2578 1227 2610 sso-

174 2626 266 2674 athenes
276 2641 336 2674 anno
352 2628 425 2676 atatis
440 2620 637 2692 septimodecimo
648 2638 688 2684 tu·‚
717 2628 771 2685 lest,
782 2627 846 2702 quod
854 2627 898 2703 qui
912 2635 980 2688 neget
989 2635 1071 2688 aptum
1086 2626 1117 2674 sd
1132 2641 1227 2675 sarsum
1285 2630 1287 2633 '

174 2690 237 2737 toras
245 2705 298 2737 suos
309 2698 358 2738 reos
368 2692 467 2754 peregit,
718 2705 774 2752 eme,
791 2707 840 2754 ipse
853 2706 902 2740 stne
914 2705 990 2738 seam.
1022 2689 1097 2738 Lina.
1129 2691 1182 2739 Nos
1190 2701 1226 2739 tau

205 2755 280 2800 Hune
287 2756 418 2816 illismnam
426 2757 639 2820 urmmmdersmt]
647 2756 686 2804 stc
717 2749 772 2804 men
782 2757 866 2820 raoepit
878 2754 981 2819 Isipn'us,
993 2755 1038 2802 nisi
1047 2761 1075 2802 st
1088 2771 1169 2802 setara
1185 2770 1234 2803 πο..

174 2817 200 2864 in
209 2818 256 2866 vita
263 2817 344 2881 Agn'c.
354 2836 373 2868 e.
382 2827 421 2869 20.
453 2823 587 2882 Egregium
591 2822 614 2884 f
647 2835 686 2868 am
718 2821 769 2870 liat.
802 2820 873 2868 Add.
883 2819 1069 2867 dabstrstduiia
1079 2821 1181 2874 lamet,
1192 2835 1228 2867 se-

170 2884 228 2943 pacs'
236 2883 395 2932 circumedo.
412 2885 479 2934 cta
487 2884 520 2931 H.
529 2890 553 2942 4,
564 2886 600 2932 ll.
654 2899 685 2932 nx
714 2900 773 2932 euro
780 2885 871 2932 malint.
901 2884 1027 2946 Reoepum
1037 2883 1157 2931 temones
1168 2887 1227 2932 bene

176 2946 266 2994 Heum.
288 2947 351 2996 dedit
377 2953 438 2998 tanti
457 2951 512 3012 fuit
535 2951 686 3010 iterputtteae.
715 2949 811 3012 exponit
836 2947 973 2997 Sohulziusr
1001 2961 1048 2994 non
1074 2946 1150 3010 pls'oat
1174 2963 1226 3009 spe-

175 3011 323 3060 Soribabatur
338 3013 393 3060 olim
409 3027 456 3076 'per
471 3014 632 3077 compendium
652 3014 685 3060 R.
716 3012 788 3060 otanfi
803 3020 827 3058 et
840 3009 942 3059 audienti
956 3009 1008 3058 alos
1022 3025 1102 3058 semis
1115 3004 1226 3057 dunimi-

176 3076 207 3122 1³.
226 3073 287 3123 Mox
309 3093 351 3140 pro
369 3081 459 3127 restitit
481 3078 576 3141 Lipsius
596 3078 687 3126 solebat
717 3077 761 3125 nis.
993 3087 997 3090 ’

174 3141 275 3188 cameli.
752 3141 811 3196 Quae
824 3146 847 3187 et
857 3140 879 3186 si
888 3153 951 3186 naso
966 3140 1044 3199 aptior
1057 3144 1099 3196 ert,
1109 3136 1123 3164 *
1137 3139 1171 3186 ita
1181 3141 1228 3185 erit

203 3205 554 3269 Similiseloqaontioeomrditt'o]
566 3205 683 3256 Sohelium
717 3206 854 3266 eloquentia,
872 3201 950 3263 nato]
963 3201 1040 3250 Nobis
1055 3210 1162 3264 surrupta
1177 3202 1228 3250 haec

175 3267 253 3314 forsan
264 3271 396 3330 eloquentis.
717 3269 863 3324 ridebantur,
874 3274 915 3314 sut
925 3266 1015 3314 mutila.
1036 3265 1175 3328 lindolphus
1185 3283 1235 3314 tm-¹
1317 3295 1322 3306 ι

208 3333 247 3380 Εο
262 3335 341 3379 aerior
357 3335 398 3394 qut
409 3343 518 3408 'pignam
537 3335 592 3398 eta]
610 3333 686 3382 Vetus
718 3332 969 3410 temoooeinnatzuctsi
979 3344 1042 3377 asso
1056 3333 1134 3392 aptior
1144 3338 1181 3406 est
1189 3348 1227 3379 ve.

174 3398 686 3524 ffitmtttltttltltt:
718 3399 1229 3524 mmmm?

175 3540 221 3586 qno
228 3527 319 3590 plores.
344 3527 384 3574 'Et
394 3527 480 3587 statim,
493 3529 540 3574 illia
552 3529 687 3575 nobilitatus
718 3526 796 3574 dalius
809 3539 855 3572 mm
871 3533 945 3588 potest
960 3522 1068 3586 amplecti
1084 3524 1110 3570 ri
1124 3528 1232 3574 venati.-

175 3591 360 3638 dise-riminibua
392 3591 468 3639 Inna·
501 3591 614 3638 latinum
622 3590 688 3639 Lati·
720 3587 1228 3646 Sedvidenostraadhsenemmdeiraz

173 3653 374 3702 niumBibl.t.2.
422 3659 461 3706 37.
475 3670 622 3718 aequoreum
632 3655 687 3719 Btp.
720 3656 759 3703 29.
794 3655 883 3702 Gaort.
916 3651 1228 3715 Bmtmnepitneriiotised

173 3717 221 3766 levi
229 3718 373 3774 ,correctione
386 3671 440 3768 loon
451 3729 573 3788 ,oonrupto
594 3719 688 3768 maden.
720 3718 744 3766 id
750 3721 850 3780 jmesuo
855 3718 904 3777 jam
911 3716 989 3778 rejecit
996 3716 1132 3772 sermm
1143 3717 1228 3763 falsum

173 3791 229 3837 tem,
243 3781 284 3830 sed
299 3781 324 3829 in
335 3783 380 3830 fine
395 3783 483 3846 periodi
497 3799 551 3833 eum
562 3783 643 3846 lipsio
653 3799 685 3832 re·
720 3784 782 3830 enlm
795 3790 840 3841 ast,
854 3781 966 3845 aptiorem
988 3779 1077 3828 veritati
1095 3789 1119 3828 et
1133 3779 1245 3841 justitia

173 3847 292 3909 cipioillts
303 3849 434 3896 nobilitatus
442 3850 623 3896 discriminibus.
650 3848 689 3896 Ita
721 3844 1041 3906 maiomam-judiciorum,
1056 3844 1081 3891 In
1098 3859 1145 3906 qua
1159 3843 1232 3892 timis
1338 3903 1341 3908 Ι

173 3911 222 3958 fere
233 3921 257 3960 ot
267 3910 398 3972 Seliulzius,
410 3912 451 3976 qui
461 3912 518 3960 alias
529 3912 627 3960 aliorum
635 3927 690 3960 oona
720 3911 787 3958 aretis
799 3909 912 3958 limitibus
913 3909 1092 3972 eircumsoripta
1107 3915 1142 3954 est
1150 3909 1231 3956 orandi

171 3975 275 4036 jecturas
291 3975 392 4038 exponit
425 3976 481 4038 Bip.
497 3991 550 4026 cum
562 3977 649 4024 Heum.
667 3983 690 4023 et
720 3975 836 4022 faeulma'
857 3973 912 4036 Bip.
922 3975 1014 4021 malunt
1027 3973 1128 4029 civitati,
1141 3973 1180 4019 tui
1189 3989 1231 4037 ap-

173 4039 272 4086 latinio
291 4039 374 4102 legunt
392 4043 521 4100 nobilitato,
539 4049 566 4088 ut
581 4040 690 4088 referatur
721 4038 767 4087 tior
780 4040 822 4086 illa
835 4039 989 4102 tranquillitas
1002 4035 1131 4083 reoentioris
1143 4036 1167 4083 fo
1203 4055 1231 4085 a.

173 4102 380 4164 adeloqnentinm.
553 4117 556 4124 ’
723 4103 918 4152 Satissoosdit'ad
934 4101 1029 4163 vestigia
1044 4100 1124 4148 veteris
1166 4053 1230 4165 rffli-

210 4169 243 4214 In
265 4181 304 4214 ore
326 4169 447 4216 laomtmtm
468 4170 532 4232 agit]
560 4168 691 4216 Emendavi
722 4165 1091 4227 rae,oonvenitetiamiis‚quaee.
1104 4170 1230 4213 snum.

172 4230 247 4278 etiam
265 4231 288 4278 in
309 4231 418 4282 Historiis
439 4235 464 4293 3,-
483 4235 522 4282 36.
549 4242 572 4281 et
592 4233 691 4294 produxi
722 4231 838 4281 doomtur.
873 4228 974 4280 Proinde
983 4229 1064 4291 recepi.
1078 4229 1143 4292 ,cm
1152 4230 1177 4276 id
1187 4231 1232 4278 mi·

172 4295 379 4364 benedictionem.
396 4299 483 4360 Vulgo,
496 4313 567 4346 mort.
585 4297 659 4345 Iatrs.
724 4312 768 4344 nus
778 4297 887 4353 adsideat,
898 4295 960 4357 legat
970 4308 1023 4341 cum
1034 4293 1104 4342 Aoid.
1115 4297 1232 4342 existime-

188 4433 190 4438 ,
225 4381 296 4422 von.
317 4365 360 4464 ip.
1084 4381 1107 4420 n
1133 4460 1136 4466 r
