3034 4967
210 231 270 304 131
543 231 572 290 J.
585 231 706 294 ersu
728 231 952 298 EXCURSUS

209 395 525 478 mpmuptiaolegs'r
539 394 782 478 Juteprintes
798 399 1283 482 Cmrdibmsoscersurnendipo·

205 485 293 538 testas
313 486 364 547 est,
383 497 439 538 non
459 479 510 556 qui
524 476 623 560 plures
642 497 731 538 annes
750 490 834 540 notin
851 490 904 552 ert,
917 483 1035 619 reliqui
1050 480 1149 564 plures
1168 478 1282 548 liberos,

206 576 291 633 quom
304 553 420 637 calago,
436 565 487 616 out
500 555 531 616 in
551 577 605 616 rua
619 566 761 638 potestate
773 559 865 630 babet,
877 571 930 620 aut
943 561 976 622 be
1028 561 1132 620 emnil.
1175 556 1284 628 Selii

201 655 262 713 par
275 636 391 715 utrique
402 655 533 696 nurnerus
546 633 696 696 liberorum
709 647 759 706 est,
774 639 904 709 maritus,
918 650 968 699 aut
980 641 1031 720 qui
1045 640 1076 699 in
1092 659 1208 698 numero
1222 657 1282 696 na·

204 714 327 776 ritorurn
349 723 401 785 est,
423 716 587 794 effertur.
628 716 663 774 In
685 735 809 778 nurnero
830 718 1010 789 maritorum,
1034 719 1142 788 idest,
1166 717 1282 796 opinor,

205 809 350 871 sponsus:
365 793 413 854 vel
427 793 526 864 etiam,
540 793 590 872 qui
601 796 650 872 jus
663 794 773 854 habeat
786 799 823 856 ab
833 797 1016 876 Imperatore
1029 796 1135 858 mariti.
1156 796 1191 855 ld
1203 795 1282 854 enim

227 891 325 952 usque
346 872 408 932 dari
429 871 517 944 solet,
541 875 651 952 pariter
673 893 708 932 ac
726 876 775 950 jus
795 876 965 937 liberorum.
1007 877 1109 936 Didici
1130 896 1170 934 ex
1192 874 1281 933 unico

204 893 311 1012 itioris
323 951 449 1020 100060,
459 955 508 1011 24.
518 952 555 1013 dc
567 952 708 1013 Claudio:
728 957 791 1025 Τοῖς
800 953 1036 1048 erqurrnope'ron,
1046 953 1136 1034 iunii
1144 957 1281 1034 γυναῖκας

204 1028 253 1092 eiu
266 1030 393 1092 ἐδύναντο
407 1029 438 1092 ἔκ
447 1051 484 1111 γε
496 1030 552 1092 reis
566 1032 656 1111 siper
666 1027 757 1114 ἔχειν,
766 1031 869 1096 rainer
878 1035 1090 1116 γεγαμηκότων
1101 1035 1281 1110 δικαιώματα

204 1107 299 1170 ἔδωκε.
330 1111 391 1173 Sed
405 1122 436 1170 et
448 1110 534 1188 plura
547 1113 657 1170 maritis
670 1112 826 1190 privilegia
837 1114 868 1171 in
881 1125 972 1187 sorte,
985 1117 1015 1172 in
1029 1113 1281 1174 administratione

203 1189 439 1280 provinciarum:
460 1209 527 1266 quse
540 1189 658 1249 hauries
672 1209 710 1249 ex
724 1192 851 1270 praemiis
870 1206 988 1272 patmm
1000 1195 1110 1263 statim,
1125 1213 1163 1251 ne
1175 1192 1280 1252 eadem

203 1268 340 1328 iteranda
359 1269 428 1328 sint.
468 1269 604 1330 Patribus
625 1280 717 1340 certe,
740 1282 773 1329 ut
794 1273 928 1350 predixi,
949 1274 1069 1353 praemia
1091 1273 1229 1331 uberiora
1249 1281 1281 1328 et

203 1348 293 1426 pleno
307 1348 389 1407 velut
403 1347 536 1408 dimenso
550 1349 660 1428 legum.
693 1349 790 1428 quue
803 1371 863 1410 non
876 1351 973 1412 solum
985 1373 1003 1412 e
1015 1352 1096 1412 Julia
1108 1362 1161 1410 aut
1174 1350 1279 1428 Papia,

203 1427 257 1486 sed
271 1445 353 1485 more
367 1427 454 1487 Rom,
469 1427 575 1505 prisco.
617 1429 680 1488 Len
693 1430 777 1489 sociis
788 1451 826 1489 ae
838 1431 960 1492 nominis
973 1432 1083 1502 Latini,
1096 1430 1146 1510 qui
1162 1431 1279 1506 stirpem

203 1526 241 1564 er
251 1525 311 1565 sese
320 1505 397 1564 domi
409 1506 611 1586 relinquerent,
625 1508 721 1576 dabat,
737 1519 768 1568 ut
781 1510 854 1570 cium
864 1513 986 1572 Romani
993 1512 1113 1590 sterent,
1127 1510 1169 1568 ait
1178 1508 1280 1566 Livius

203 1589 254 1656 lt,
269 1587 296 1646 8.
336 1587 411 1644 Item
425 1605 443 1644 a
458 1586 645 1656 Censoribus,
659 1587 697 1646 11
710 1598 845 1668 quattuor
859 1590 984 1650 urbanas
1000 1590 1091 1649 tribus
1108 1593 1165 1663 (ere
1178 1599 1279 1646 autem

204 1665 301 1722 minus
320 1664 467 1741 honestae)
485 1666 620 1744 descripti
635 1681 719 1726 erent
731 1667 867 1740 libertini,
881 1678 992 1748 preter
1004 1688 1061 1739 eos,
1083 1665 1182 1748 quibus
1191 1667 1279 1744 filius

203 1744 379 1822 quinquenni
401 1749 492 1825 major
510 1765 544 1804 eu
567 1747 625 1806 SC.
638 1757 717 1816 esset,
739 1746 779 1806 ait
799 1747 878 1806 idem
898 1752 949 1818 45,
970 1753 1015 1807 15.
1054 1747 1152 1806 Julius
1170 1746 1280 1815 Caesar,

203 1843 305 1904 ugrm
321 1822 498 1904 Campanum
510 1823 608 1884 diust
620 1838 701 1884 estre
720 1835 823 1886 sortem
836 1827 901 1885 XX
918 1827 1040 1888 millibus
1052 1827 1166 1894 civium,
1180 1826 1279 1905 quibus

202 1902 278 1961 terni
292 1901 424 1983 pluresve
442 1902 526 1964 liberi
544 1915 645 1974 errent,
667 1917 700 1964 ut
720 1916 804 1964 notat
825 1906 984 1966 Suetonius
999 1926 1027 1969 c.
1042 1910 1090 1968 20.
1103 1917 1134 1964 et
1148 1905 1279 1982 Appias.

203 1981 340 2042 Ciuilium
362 1987 390 2052 2,
409 1987 455 2043 10.
469 2004 497 2061 p.
511 1989 579 2044 433.
594 1995 625 2043 et
639 1985 777 2063 exempla
797 1985 926 2063 reperies
947 1987 1007 2044 fors
1028 1987 1066 2044 sit
1083 1985 1177 2063 plura.
1218 1983 1278 2042 Sed

203 2062 344 2136 Augusto
365 2061 395 2120 in
415 2061 515 2140 primis
534 2083 569 2122 en
587 2082 675 2122 cura:
703 2083 761 2121 non
782 2063 850 2140 lege
866 2064 957 2142 Papia
976 2065 1081 2133 solum,
1101 2076 1134 2122 ut
1154 2073 1277 2123 censent

203 2141 323 2220 quidam
336 2141 417 2200 haud
427 2155 444 2202 'c
455 2141 554 2218 vulgo,
569 2140 622 2200 sed
631 2141 744 2216 jamdiu
758 2154 837 2200 ante.
858 2142 947 2206 Quod
961 2143 1074 2201 clarum
1088 2163 1127 2200 ex
1140 2141 1185 2210 iis,
1197 2142 1279 2220 quod

201 2219 262 2280 Dio
282 2221 386 2280 scribit
406 2223 455 2288 53,
476 2225 523 2278 13.
540 2219 578 2278 de
598 2219 775 2280 Praesidibus
795 2220 1023 2298 provinciarum,
1045 2232 1076 2280 et
1095 2226 1144 2292 55,
1165 2225 1277 2281 21111

203 2297 325 2376 Papiam
345 2299 445 2364 latam.
487 2298 593 2358 Fateor
607 2310 716 2369 tamen,
731 2299 814 2379 quod
827 2299 917 2378 Papia
937 2299 1110 2379 praesertim.
1150 2299 1277 2360 Prcenn‘a

201 2373 385 2447 πολυπαιδίας
400 2396 439 2438 ex
454 2397 490 2436 ea
507 2377 585 2456 lege,
600 2397 659 2438 non
679 2379 806 2437 absurde
819 2379 931 2447 fecero,
945 2379 970 2437 si
984 2379 1087 2438 ordine
1104 2398 1278 2458 proponam.

202 2458 344 2518 Primum.
385 2457 428 2517 Ut
451 2456 480 2514 in
505 2458 648 2535 petitione
670 2457 821 2517 candidati
841 2457 1046 2535 praeferantur,
1067 2461 1173 2538 quibus
1194 2458 1279 2517 liberi

224 2536 313 2596 lures.
342 2536 464 2596 Tacitus
481 2537 518 2593 A.
532 2539 562 2605 2,
576 2541 626 2596 51.
659 2537 764 2595 Contra
773 2535 907 2615 plerique
920 2536 1089 2606 nitebantur,
1104 2547 1135 2596 ut
1148 2558 1279 2597 nunaerus

202 2557 355 2676 liberarum
366 2616 395 2674 in
406 2615 568 2674 candidatis
574 2615 766 2696 praepolleret,
777 2616 852 2692 quod
862 2615 911 2676 len
912 2616 1042 2696 jubebat.
1062 2617 1133 2676 Lex.
1141 2637 1200 2675 non
1211 2616 1277 2686 alia,

203 2713 292 2773 quam
306 2695 372 2758 haen
385 2693 485 2770 Papia.
520 2695 686 2756 Secundum.
723 2693 774 2755 Uti
787 2694 978 2773 preferantur
991 2696 1141 2774 proletarii
1154 2695 1185 2753 in
1198 2706 1278 2754 sorte

223 2771 438 2832 revinciarum:
460 2783 491 2830 et
505 2773 624 2835 easdem
643 2773 753 2832 diutius
772 2774 934 2834 obtineant.
976 2776 1062 2834 Prius
1080 2776 1243 2833 membrum
1261 2793 1279 2834 e

202 2793 312 2912 Iiacito
326 2851 410 2918 firmo
428 2855 473 2922 15,
491 2856 536 2912 19.
569 2851 778 2912 Percrebuerat
791 2873 826 2913 ea
838 2863 1001 2932 tempestate
1009 2855 1196 2934 pravissimus
1209 2873 1279 2923 1111,

201 2951 274 3001 aum,
286 2929 453 3011 propinquis
466 2931 585 2994 comitiis
599 2941 650 2992 aut
663 2941 737 2992 sorte
745 2933 968 3012 provinciarum,
977 2935 1110 3013 plerique
1121 2932 1184 2992 orbi
1195 2933 1279 3008 fictis

201 3011 400 3093 adoptionibus
412 3011 600 3074 adsciscerent
608 3011 704 3090 filios,
714 3012 921 3092 Proeturesque
929 3023 958 3074 et
965 3011 1125 3094 prouincias
1138 3013 1213 3071 inter
1224 3033 1280 3092 pa-

201 3101 259 3153 trea
271 3088 375 3161 sortiti,
389 3091 485 3150 stetim
498 3093 652 3152 emitterent
669 3092 849 3169 manuquos
861 3095 1073 3174 1111111111.
1112 3090 1247 3150 Alterum
1261 3110 1278 3149 e

202 3170 302 3230 Dione
315 3173 365 3240 53,
385 3175 428 3234 13.
469 3172 628 3240 Presides,
644 3168 748 3248 inquit,
761 3192 865 3231 annum
885 3182 913 3232 et
925 3170 1097 3233 1111111111
1110 3191 1169 3230 esse
1181 3169 1278 3238 111111,

199 3245 276 3324 πλὴν.
286 3245 314 3308 el
323 3269 365 3330 rip
377 3249 559 3318 naturatibus
571 3247 592 3328 ἧ
604 3250 700 3329 palpas
714 3246 849 3330 rperspia
860 3247 979 3332 repes-riq.
999 3252 1185 3328 eramquam
1199 3249 1279 3306 idad

200 3339 314 3396 sortem
329 3338 443 3391 tantum
464 3329 567 3388 referri
581 3329 705 3390 fortasse
719 3349 774 3406 par-
787 3341 840 3398 est,
854 3351 915 3388 non
929 3330 1070 3388 etiamad
1088 3329 1279 3387 mansionem.

207 3407 237 3466 T
235 3407 346 3466 citium.
375 3410 507 3467 Praeeant
520 3407 727 3485 emineantque
741 3407 771 3465 in
787 3410 865 3468 omni
878 3400 1066 3486 Magistratu.
1096 3408 1227 3486 colligas
1239 3425 1279 3464 ex

202 3485 313 3564 Agellii
327 3491 355 3555 2,
371 3491 416 3546 15.
426 3486 522 3544 verbis
533 3505 599 3564 quae
611 3505 708 3564 supra.
737 3487 778 3545 Et
791 3489 828 3546 ab
841 3488 900 3547 boc
911 3487 1050 3566 exemplo
1060 3497 1115 3557 est,
1127 3487 1216 3565 quod,
1228 3484 1278 3564 qui

201 3566 303 3644 plures
323 3564 432 3624 liberos
452 3565 551 3636 habet,
566 3565 596 3624 in
610 3565 693 3630 curia
706 3566 752 3624 vel
768 3567 895 3644 collegio
910 3567 1020 3646 primus
1039 3567 1216 3626 sententiam
1229 3585 1278 3623 ro·

202 3657 306 3722 gatur3
320 3643 350 3704 in
365 3644 433 3704 albo
447 3655 478 3702 et
491 3663 643 3724 processu,
657 3643 765 3706 ceteris
778 3647 943 3724 praelertur.
972 3645 1010 3706 L.
1020 3651 1050 3707 9.
1061 3647 1095 3705 C.
1107 3645 1156 3704 De
1167 3645 1280 3704 Decur.

201 3725 354 3792 Quartum.
396 3724 430 3783 In
443 3722 606 3784 honoribus
618 3724 765 3803 petendis,
779 3725 1090 3802 neustrianorum,
1105 3726 1158 3804 qui
1170 3725 1279 3784 liberos

200 3802 323 3874 habent,
351 3811 382 3862 et
409 3802 530 3882 quidem
556 3823 610 3882 pro
638 3823 761 3864 numero
788 3803 958 3866 liberorum.
993 3804 1137 3883 'Exempli
1164 3823 1278 3874 111111,

202 3882 331 3952 minores
352 3881 440 3943 XXV
460 3882 542 3942 annis
562 3883 601 3942 ad
614 3883 741 3944 bonores
759 3902 818 3942 nou
838 3883 1043 3953 admittuntur,
1059 3884 1115 3942 nisi
1133 3882 1280 3942 beneficio

202 3961 304 4040 prolis.
336 3962 394 4028 Qui
409 3981 481 4040 crgo
495 3961 626 4041 quinque
639 3963 750 4022 babent
763 3982 841 4021 anno
854 3964 996 4040 vigesimo
1010 3963 1215 4029 admittuntur,
1230 3963 1282 4041 qui

203 4051 275 4111 tres,
286 4039 428 4118 vigesimo
438 4041 581 4112 secundo,
595 4041 679 4100 etsie
692 4040 842 4119 deinceps.
875 4043 952 4102 Vide
960 4043 980 4101 1.
991 4046 1021 4102 2.
1051 4043 1100 4102 De
1110 4040 1282 4114 minoribus,

201 4139 270 4198 quae
284 4120 323 4178 ad
336 4120 413 4180 hanc
426 4120 604 4180 sententiam
618 4121 706 4180 clara.
745 4123 786 4182 Et
799 4121 885 4180 Plinii
898 4122 998 4181 locum
1010 4122 1116 4181 eodem
1130 4119 1251 4180 trahoE
1276 4165 1284 4180 .
1298 4128 1305 4137 ‘

203 4201 235 4271 7,
252 4203 299 4260 16.
313 4210 420 4278 praeter
433 4219 529 4258 meam
543 4219 643 4278 supra,
659 4197 844 4279 aliorumque
857 4214 996 4262 mentem.
1038 4199 1209 4260 Calestrium
1255 4201 1282 4260 i-

202 4279 541 4416 erumpentes-taine
550 4279 659 4360 diligo:
673 4278 761 4340 111111
772 4280 931 4348 Quem
943 4281 1204 4360 Gesarirrsuinras.
1223 4278 1283 4339 Ille

202 4378 245 4431 nse
258 4358 286 4420 in
329 4356 460 4418 ribunatu
471 4356 620 4418 liberorum
625 4357 697 4437 jure
704 4359 858 4438 precessit,
869 4381 921 4442 ego
929 4359 1009 4421 illinis
1023 4361 1054 4422 in
1064 4362 1208 4424 Praetura
1220 4354 1282 4423 satit

199 4446 373 4510 consecutus,
390 4457 453 4504 euin¹
471 4437 540 4500 mibi
554 4436 655 4502 Cesar
668 4459 772 4502 cunum
789 4440 950 4512 1111111111.
990 4440 1051 4504 Ubi
1063 4441 1159 4514 vides,
1173 4438 1281 4502 disant
