3034 4967
248 224 286 281 ss
603 194 944 274 odonaronmus

248 376 472 467 indignantur?
494 372 581 463 quod
589 376 718 465 adligati
728 376 916 457 adulatione,
928 377 985 442 n'ec
994 378 1227 465 imperantibus
1236 400 1306 443 um·

251 478 347 552 quam
361 464 433 529 satis
447 462 526 526 servi
548 462 703 542 videntur,
719 485 775 527 nec
788 464 878 527 nobis
896 463 968 527 satis
987 462 1098 527 liberi?
1143 464 1223 540 Quae
1236 463 1305 526 haec

251 572 372 615 summa
386 569 502 616 ¹eorum
530 546 668 634 potentia
693 547 763 612 est?
800 558 922 613 tantum
950 571 1039 635 posse
1067 547 1169 612 liberti
1199 546 1305 611 solent

252 636 310 699 Me
323 656 397 696 vero
413 631 530 711 dulces,
551 646 589 695 ut
609 632 758 719 Virgilius
779 632 831 709 ait,
847 634 962 710 Musae,
986 646 1139 696 remotum
1158 656 1178 695 a
1197 630 1307 694 sollici-

251 718 412 783 tudinibus
440 728 472 780 et
498 716 590 794 curiS,
619 730 651 779 et
677 717 857 781 necessitate
885 716 1025 803 quotidie
1050 716 1169 863 aliquid
1197 729 1305 779 contra

250 802 390 867 animum
409 799 553 879 faciendi,
575 800 683 885 inlilla
703 824 799 878 sacra,
824 801 955 887 illosque
975 802 1076 865 fontes
1111 812 1217 864 erant:
1247 822 1305 864 nec

250 886 393 950 insanum
408 885 490 949 ultra
508 897 539 949 et
561 885 715 949 lubricum
735 887 839 951 forum
860 886 1038 970 famamque
1058 884 1224 973 pallentem
1245 898 1305 949 tre-

275 970 345 1034 idus
359 969 509 1057 experiar.
546 972 620 1033 Non
634 993 684 1033 me
702 970 846 1036 fremitus
865 970 1076 1048 salutantium,
1092 993 1149 1034 nec
1160 969 1306 1033 anhelans

251 994 381 1120 ilbertus
402 1053 531 1118 excitet:
555 1076 622 1132 nec,
647 1054 782 1119 incertus
807 1055 918 1133 futuri,
941 1067 1159 1119 testamentum
1180 1076 1237 1151 pro
1258 1054 1305 1139 pi-

251 1162 348 1226 gnore
370 1139 518 1205 scribam:
551 1161 607 1202 nec
627 1138 699 1225 plus
722 1140 865 1217 habeam,
885 1162 980 1225 quam
1001 1140 1088 1225 quod
1107 1160 1231 1225 possim,
1253 1138 1304 1201 cui

251 1224 355 1303 velim,
377 1222 560 1307 relinquere,
586 1222 847 1310 quandocumque
875 1224 977 1289 fatalis
999 1237 1031 1286 et
1054 1246 1142 1286 meus
1163 1224 1228 1286 dies
1253 1246 1304 1285 ve-

251 1308 336 1373 niet:
360 1319 539 1392 statuarque
554 1306 686 1383 tumulo,
700 1330 764 1371 nou
778 1322 908 1372 moestus
921 1324 952 1372 et
966 1322 1066 1385 atrox,
1082 1308 1135 1371 sed
1154 1307 1260 1370 hilaris
1274 1319 1306 1370 et

252 1406 432 1458 coronatus:
456 1404 487 1455 et
503 1415 562 1479 pro
576 1391 722 1456 memoria
744 1393 804 1456 mei
826 1415 882 1456 nec
901 1393 1042 1457 consulat
1055 1392 1231 1479 quisquam,
1246 1413 1305 1455 nec

252 1500 289 1542 ro
311 1491 351 1541 et
885 1526 890 1534 .

288 1501 392 1626 gXIV.
416 1561 558 1628 Vixdum
572 1562 692 1625 finierat
714 1564 890 1640 Maternus,
910 1563 1079 1625 concitatus
1100 1575 1132 1625 et
1155 1560 1239 1623 velut
1258 1560 1306 1622 in-

252 1646 391 1726 stinctus,
413 1671 485 1712 cum
503 1646 677 1732 Vipstanus
699 1647 835 1712 Messala
856 1645 1034 1710 cubiculum
1049 1646 1127 1731 'ejus
1147 1646 1306 1730 ingressus

252 1844 394 1905 beneficiam,
409 1860 479 1907 quom
489 1858 557 1906 porse
572 1847 634 1894 debet
647 1848 705 1895 civis
716 1849 764 1893 etot
812 1852 947 1909 reportem
968 1845 1049 1893 saltem
1067 1844 1180 1911 boqorum
1199 1855 1305 1889 meorum

252 1909 317 1961 dare,
332 1910 595 1970 ideoavoltrprtaat,
608 1910 764 1973 qrrodpotatt‚
859 1919 877 1956 t.
899 1908 971 1956 Ean.
1004 1907 1042 1955 Cf.
1053 1908 1112 1969 Agr.
1123 1907 1163 1952 34.

252 1975 484 2033 temporitribuottar
494 1974 627 2035 quodsecit,
636 1976 689 2034 ipat·
706 1974 765 2022 Cato
828 1975 950 2021 Fatalirct
958 1972 1078 2018 meaedier
1086 1967 1171 2030 venkt]
1179 1968 1306 2016 Addidisse

252 2035 316 2098 apud
327 2036 493 2085 Plutarchum:
512 2038 534 2079 ου’
551 2038 655 2094 Βούλομαι
671 2038 705 2091 τῷ
720 2054 761 2083 τυ-
793 2051 858 2081 ntem
866 2037 914 2080 dier
921 2034 1019 2092 videtur,
1031 2041 1058 2079 ut
1068 2041 1166 2079 mortem
1176 2032 1305 2079 naturalem

251 2117 318 2161 ραννῳ
329 2100 391 2161 χάριν
404 2100 467 2162 ἔχειν,
478 2097 531 2155 trip
544 2094 571 2142 ὥν
582 2100 701 2159 παρανομῇ.
713 2114 761 2143 tra-
793 2098 837 2144 sibi
853 2104 985 2143 eventuram
1004 2093 1150 2142 ominaretur.
1191 2095 1252 2141 Dein
1271 2095 1305 2142 le-

251 2164 332 2225 ρανομῇ
341 2161 361 2205 il
371 2164 452 2219 σώζων,
460 2163 489 2211 ὡς
497 2158 574 2219 κύριος,
581 2156 609 2203 ὧν
620 2160 680 2215 αὐτῷ
687 2160 762 2206 trent·
793 2159 938 2223 gitimatgttio
946 2157 1059 2205 scribendi
1069 2158 1200 2219 postulabat
1208 2161 1305 2206 meru.

253 2224 357 2278 roverti»
369 2224 483 2284 προσῆμιν.
517 2220 609 2269 Giton.
642 2221 762 2284 intelligo,
794 2224 866 2271 ERN.

253 2288 335 2347 guttur
346 2284 554 2347 prestamqfficia.
588 2284 762 2334 SicetSchult.
816 2286 1305 2350 Hilarisetcoronotor1ExusuapudRo·

269 2348 293 2397 ui
304 2356 371 2412 putat
381 2348 512 2397 addentium
524 2352 610 2397 minus.
645 2348 762 2413 Btpaen-
793 2366 875 2399 manos
893 2352 996 2415 antiquo.
1017 2351 1066 2400 cte
1088 2351 1117 2397 de
1139 2351 1196 2413 Leg.
1216 2353 1242 2411 2,
1263 2358 1304 2399 24.

251 2365 319 2470 dunt,
331 2428 387 2475 quor
402 2415 547 2461 cancellani.
580 2413 684 2462 Sohelius
700 2414 762 2462 vole-
793 2418 842 2464 Illo
841 2419 896 2478 jum
902 2418 1041 2477 significato
1047 2422 1090 2474 ert,
1098 2416 1175 2461 badis
1182 2429 1304 2462 ornarun-

251 2477 299 2539 bat,
311 2479 357 2532 tte,
368 2479 450 2538 quibas
456 2484 578 2539 prestant.
794 2486 819 2528 to
829 2481 860 2525 od
870 2482 1108 2540 morturaprrttncre,
1121 2480 1181 2539 quod
1196 2493 1303 2526 emonam

290 2541 400 2601 Adltgotr‘
421 2556 475 2601 cam
496 2540 638 2603 adtalotione]
667 2540 761 2588 Terent
794 2546 883 2591 vincte
890 2550 990 2608 portam
1004 2549 1027 2590 rt
1042 2547 1072 2601 ct,
1088 2545 1129 2604 qai
1137 2545 1304 2604 peperissem

252 2603 301 2652 At
310 2607 334 2665 ὃ,
345 2607 368 2662 3,
378 2606 417 2651 58.
430 2608 467 2651 Εο
472 2612 541 2665 pacto
545 2618 656 2666 prorsam
664 2606 713 2651 illic
720 2606 762 2651 ad·
794 2605 844 2669 ejus
849 2609 946 2668 parenti
956 2607 1101 2669 rinefraude
1110 2622 1157 2653 erse
1168 2609 1205 2653 lec
1216 2608 1301 2668 inposi-

243 2669 431 2729 ,ligorirstlim
459 2666 507 2716 Cic.
519 2668 549 2715 ad
559 2669 612 2716 Art
624 2670 648 2723 8,
659 2670 697 2715 16.
716 2666 765 2717 'Ne
795 2672 923 2733 tomjubet.
939 2670 977 2719 Cf.
988 2679 1011 2718 et
1022 2670 1083 2718 Plio.
1095 2672 1134 2724 21,
1145 2672 1169 2717 3.

246 2732 314 2793 ,forte
335 2744 381 2791 quo
405 2746 431 2779 re
452 2732 559 2793 inpedior
579 2741 647 2793 atque
666 2733 765 2793 religer.
827 2736 882 2782 Nec
901 2736 1003 2783 consulat
1018 2737 1146 2795 quiequam,
1165 2748 1207 2781 nec
1223 2736 1300 2797 roget]

253 2794 388 2857 Propositio
406 2796 494 2856 adjecta
517 2803 552 2843 est
570 2796 683 2843 insolens:
709 2796 764 2843 hinc
796 2796 910 2846 consulat
923 2807 994 2857 vates,
1010 2798 1224 2861 rogetPriuoipon.
1237 2798 1304 2857 Quid

253 2856 383 2920 Schulting.
395 2867 471 2906 mutat
481 2858 506 2905 in
514 2862 618 2906 omnium
626 2860 661 2906 vel
668 2860 762 2918 tumui,
794 2861 847 2910 ita?
863 2862 919 2924 quia
929 2865 1041 2922 crebrum,
1050 2872 1077 2909 ut
1087 2861 1197 2909 mensoria
1207 2861 1303 2908 damna-

253 2921 387 2969 Heumann.
412 2923 438 2969 in
460 2924 606 2983 εαιιΐίεείηιαἸ
623 2922 721 2971 Sohulze
738 2923 764 2970 in
795 2933 858 2973 retur
874 2925 1042 2979 defunctorum,
1061 2926 1141 2977 idest,
1158 2924 1227 2981 tituli,
1244 2925 1304 2972 ima·

253 2986 357 3033 cornivel
366 2988 492 3035 Cesaram.
516 2986 763 3050 Equidemdelendam
795 2991 977 3051 ginoe,honores.
995 2988 1070 3037 lares.
1098 2986 1303 3042 Mdimconedat,

254 3064 341 3099 censeo
794 3052 820 3100 id
831 3060 871 3109 est,
881 3052 1000 3100 reform
1012 3052 1131 3105 Senatum,
1139 3064 1210 3113 quem
1220 3050 1257 3098 bis
1266 3066 1304 3099 re-

287 3114 763 3180 Summaeommpoantta1810beneLi-
795 3117 839 3164 bus
855 3117 1029 3179 interponebant
1045 3116 1090 3178 ipsi
1106 3113 1230 3177 Principes.
1247 3116 1262 3179 fi
1279 3120 1304 3163 4.

254 3178 325 3242 psius.
358 3179 426 3228 Prius
434 3187 481 3227 erat
488 3194 576 3227 reram.
608 3179 670 3225 Mox
678 3187 764 3226 veteres
796 3178 1303 3242 Instdejud.Cujuspoenaonimaeamirrto-

254 3240 308 3289 edit
318 3248 426 3289 remotoer
438 3242 566 3290 emendavit
575 3242 651 3290 Rben.
670 3274 672 3279 .
795 3258 848 3289 nem
858 3242 993 3303 eastimet
1004 3246 1115 3291 nummu
1125 3244 1161 3289 rei
1172 3245 1242 3289 ettam
1248 3249 1303 3305 port

286 3307 431 3379 Famamque
439 3307 564 3367 pollentem
580 3306 685 3379 trepidos
697 3307 762 3370 ero]
794 3314 892 3354 mortem
900 3309 1031 3353 damnator.
1043 3307 1130 3368 Lapis:
1141 3321 1172 3353 nr.
1180 3320 1303 3355 suanm.

254 3368 355 3431 Egregia
365 3368 628 3431 drctio‚aquamanum
637 3377 716 3427 muer,
725 3384 764 3417 me
795 3383 915 3418 tvcnuo.
930 3382 1119 3417 connvnrrrtsr.
1135 3382 1304 3418 susurrem.
1343 3374 1347 3378 '

251 3432 338 3493 judice,
355 3432 489 3479 abstineant
523 3432 607 3480 Sensus
623 3432 677 3479 satis
692 3440 764 3495 patet.
796 3446 929 3481 neoris
938 3446 1173 3483 ramasnavsrs.
1199 3434 1303 3481 Artemi·

255 3495 355 3543 Temere
369 3493 483 3542 Schmzfl.
498 3496 615 3543 substituit
621 3498 762 3559 fallentem.-
794 3497 863 3546 dorus
873 3497 1008 3546 Oneirocrit
1023 3500 1046 3556 l,
1057 3502 1079 3546 t.
1089 3498 1179 3556 ὡςμηδὶ
1190 3498 1302 3543 ἀποθανὼν

255 3558 387 3617 ἓοὴυΙΖίιιε,
404 3558 571 3606 Heumannum
585 3567 683 3618 secutus,
694 3562 764 3609 iamae
795 3560 850 3624 ἔχειν
866 3560 940 3620 ὄνομα.
952 3564 1040 3615 τούτους
1049 3561 1091 3623 γὰρ
1104 3563 1178 3621 μόνους
1192 3561 1211 3605 ir
1225 3566 1302 3621 νικρῶι

255 3637 302 3671 non
319 3622 357 3685 hit}
373 3636 421 3669 esse
438 3622 513 3669 locum
532 3632 645 3677 autumat,
662 3624 765 3687 legitque
794 3622 1301 3687 δείπνοιςοῠκαλοῢσυοἱπροσήκονης.ῦΒοὶῐ.

254 3689 370 3735 lubricum
376 3686 462 3747 fortsm
469 3687 560 3747 pullam
570 3702 598 3733 oc
609 3690 713 3749 trepidus
723 3704 764 3735 erc.
795 3686 867 3749 Iapis
877 3688 941 3750 apud
949 3688 1018 3735 Grut.
1028 3697 1102 3737 exstat
1111 3704 1135 3751 p.
1147 3690 1202 3736 354.
1214 3686 1252 3735 cui
1262 3703 1301 3735 su·

251 3754 343 3813 perior.
370 3748 610 3798 Mihisecusvidetur.
639 3752 764 3810 Quoenim
794 3760 936 3812 spectusest.

250 3818 342 3875 pollens
352 3814 470 3872 reserauit,
481 3812 526 3860 nisi
541 3814 571 3861 ad
578 3817 673 3876 samum
690 3816 764 3861 lubri-
819 3816 880 3861 Cam
893 3818 1019 3876 Vipsanius
1024 3818 1077 3879 M]
1094 3815 1224 3878 legebatur
1229 3822 1304 3869 anta,

256 3878 384 3938 coniferi?
401 3877 471 3941 pallet
487 3884 569 3938 orator,
586 3894 660 3941 quum
676 3879 764 3941 pupulo
799 3880 1026 3928 UrbanurMerrolo.
1043 3882 1078 3928 At
1089 3890 1161 3935 vetus,
1173 3881 1302 3935 vuantos-‚-

254 3940 365 4002 displicet
377 3956 451 4004 quum
458 3940 576 3989 molerem
585 3942 657 4005 egisse
665 3942 763 3989 videtur.
794 3957 807 3989 e
818 3958 864 4003 quo
875 3958 973 4005 pronum
989 3945 1084 3992 reddere
1094 3944 1142 3991 viro
1153 3943 1235 3991 celebri
1245 3958 1303 4003 gen·
1339 3977 1343 3982 .

256 4006 600 4067 Famopotlcnr,metonymica
609 4005 685 4053 dictio.
778 4005 934 4065 *tilenomem
948 4009 1200 4069 VipsantarMerrallo.
1226 4005 1302 4052 Inrs.

292 4069 462 4115 Testamentum
477 4082 523 4130 pro
535 4071 636 4131 pignore
650 4070 761 4132 combam]
794 4068 873 4117 Immo
886 4070 1017 4132 Vipstanus,
1035 4080 1062 4119 ut
1076 4072 1126 4118 aliis
1141 4068 1204 4117 loeis.
1244 4068 1303 4115 Post

256 4132 272 4179 i.
283 4146 303 4179 e·
314 4130 439 4177 oecuritatis
454 4146 549 4181 caussae
567 4149 597 4181 sc
614 4131 706 4179 heredes
722 4132 764 4179 ad-
793 4138 843 4196 cjar
857 4134 946 4182 videtur
958 4135 1064 4183 additum
1080 4150 1095 4182 a
1109 4148 1179 4181 manu
1191 4132 1306 4194 glossatos

256 4192 374 4242 mribendo
393 4194 452 4243 meis
475 4210 522 4255 eos,
541 4210 640 4259 quorum
662 4196 764 4258 muntia
792 4198 832 4246 ris.
864 4198 935 4246 Ean.
1262 4218 1266 4223 ’

255 4257 408 4323 milripigrori
417 4260 454 4321 sit,
466 4258 522 4321 t'ore,
535 4269 561 4307 ut
568 4270 648 4309 ratum
656 4260 763 4321 sit'mei-
