3034 4967
448 260 562 328 'JULIr
586 264 725 326 Aanlc.
747 262 1028 324 VITA.cAP.21.
1236 266 1273 321 as

218 446 300 509 rum,
322 430 408 515 haud
426 431 528 494 minus
543 452 638 515 quam
652 428 769 494 bellum
785 425 962 497 timebatur.
1007 424 1081 503 Sed,
1103 426 1159 489 ubi
1180 437 1270 491 testas

190 592 191 595 Ἴ
218 512 354 595 advenit,
375 527 532 580 contracto
553 514 700 592 exercitu,
722 512 858 577 rnilitum
876 511 909 575 in
928 508 1053 596 agmine
1065 509 1195 575 laudare
1207 534 1273 577 nro-

219 600 358 679 destiam,
381 601 526 688 disjectos
546 608 702 665 coercete:
726 598 795 662 loca
814 595 922 661 castris
939 596 1006 683 ipse
1028 618 1156 681 capere:
1182 611 1274 662 aestu-

217 684 282 749 aria
302 710 338 749 aa
360 686 450 750 silvas
470 686 536 771 ipse
557 698 757 772 praetentare:
781 700 813 747 et
826 680 905 745 nihil
917 681 1041 744 interim
1062 681 1149 768 apud
1169 682 1274 747 hostes

217 770 359 855 quietum
373 771 449 858 pati,
464 794 528 856 quo
542 771 645 833 minus
659 768 770 833 subitis
783 766 965 831 excursibus
983 765 1203 852 popularetur:
1227 781 1274 831 at-

217 876 288 941 que,
311 854 367 919 ubi
390 856 463 921 satis
484 868 647 932 terruerat,
668 852 825 941 parcendo
844 874 953 915 rursus
972 851 1169 916 inritamenta
1181 852 1275 939 pacis

216 954 378 1004 ostentare.
423 940 546 1019 Quibus
560 940 653 1004 rebus
666 938 775 1002 multae
788 937 938 1014 civitates,
952 960 1026 1023 quoe
1039 937 1072 999 in
1085 936 1174 1001 illum
1188 937 1272 1001 diem

217 1048 255 1087 ex
321 1047 363 1089 uo
376 1037 513 1111 egerant,
527 1024 607 1089 datis
621 1024 792 1101 obsidibus,
813 1024 893 1087 iram
911 1044 1053 1108 posuere,
1075 1034 1107 1086 et
1120 1021 1272 1109 praesidiis
1349 1058 1356 1070 ,

216 1048 411 1195 easttliisque
425 1108 633 1189 circumdatae,
649 1121 736 1173 tanta
748 1106 868 1172 ratione
881 1128 1029 1194 curaque,
1051 1123 1088 1171 ut
1101 1106 1187 1171 nulla
1200 1118 1273 1172 ante

218 1192 387 1259 Britanniae
400 1216 482 1263 nova
495 1217 568 1283 pars
581 1193 754 1291 inlacessita
768 1192 933 1296 transigrit.

503 1358 506 1363 -
544 1311 586 1377 A.
602 1314 648 1377 U.
670 1314 745 1377 834.
768 1308 810 1374 A.
826 1310 864 1375 C.
886 1311 938 1373 81.

261 1422 362 1489 XXI.
394 1394 533 1511 Senuens
561 1422 659 1486 hiems
688 1419 897 1485 saluberrimis
924 1418 1057 1483 consiliis
1085 1421 1271 1508 absumpta:

215 1530 361 1608 namque,
384 1520 421 1607 ut
434 1508 574 1573 homines
588 1507 717 1594 dispersi
732 1528 768 1569 ac
782 1504 887 1581 rudes,
902 1528 1001 1590 eoque
1014 1504 1047 1568 in
1060 1504 1143 1601 bello
1154 1506 1272 1605 faciles,

215 1608 510 1743 tritutari
533 1589 958 1755 trinitatum
975 1589 1273 1752 {turriti
1310 1652 1321 1673 ·

213 1702 317 1827 ‹lairdo
331 1702 514 1851 prrimptos:
524 1778 556 1827 et
569 1701 750 1848 castiglindo
764 1783 797 1823 se
836 1783 892 1859 'esf
916 1759 961 1823 ita
973 1759 1274 1859 bonoristaemulatio

213 1870 272 1933 pro
286 1849 463 1911 necessitate
477 1862 551 1912 erat.
595 1850 671 1911 Jam
692 1869 767 1910 vero
818 1865 972 1931 nncrpum
994 1844 1073 1908 lilios
1092 1844 1273 1911 lrberalrbua

247 1991 360 2037 Militum
372 1991 398 2037 tn
409 2002 431 2038 o.
445 1988 728 2052 nonsummum
756 1983 845 2034 laudat
876 1988 1034 2032 Irritamcnta
1056 1987 1123 2046 pacta
1139 1996 1202 2048 'sunt
1227 2004 1273 2047 res,

172 2065 177 2072 ·
213 2050 256 2099 iter
272 2052 379 2113 iacerent,
397 2054 461 2101 utin
476 2053 542 2100 devia
556 2066 603 2099 non
617 2052 727 2115 degrede-
756 2048 843 2159 ἔξω
864 2048 969 2096 bomine
985 2048 1015 2095 ad
1034 2064 1115 2111 paoem
1133 2050 1272 2101 alliciuntur.

212 2124 302 2176 rentur,
318 2132 360 2165 nac
376 2116 457 2165 vicinis
474 2116 599 2179 quiequam
618 2131 659 2179 per
678 2116 726 2163 vim
775 2112 781 2123 ”
816 2114 967 2160 ortamota
990 2115 1107 2160 maloram
1123 2124 1178 2162 sunt
1195 2116 1272 2165 illene·

212 2180 330 2243 eriperent
363 2182 464 2245 Diajecti
480 2188 542 2237 sunt,
559 2179 600 2243 qui
614 2180 681 2227 aliter
690 2180 726 2232 fa·
755 2177 804 2224 bin
814 2176 938 2237 malorum,
949 2178 1108 2226 delinimenta.
1135 2178 1208 2227 Ean.

212 2254 294 2301 errent,
311 2247 341 2293 ab
357 2246 450 2308 agmine
467 2244 604 2292 diseedendo
622 2259 648 2291 ra
664 2244 725 2291 iendi
787 2240 829 2288 Eo
845 2256 911 2302 oeqao
928 2241 1105 2305 egerant1i.a
1123 2241 1228 2291 nondum
1247 2245 1274 2293 in

211 2322 297 2356 nausa.
330 2308 438 2357 Ceterum
454 2310 557 2355 miratam
572 2316 607 2356 eat
619 2324 634 2355 a
671 2308 724 2355 herr.
886 2306 958 2353 Rom.
976 2304 1076 2360 fuerant,
1095 2306 1135 2355 aad
1152 2307 1189 2354 rui
1202 2308 1270 2370 juris,

211 2374 349 2433 conjectura,
369 2372 471 2436 priminn
491 2380 582 2434 recepta
599 2372 625 2419 in
644 2372 721 2419 Rhan.
764 2367 839 2416 bare.
856 2368 1029 2417 Sedfatatdrrm
1040 2378 1083 2427 est,
1093 2370 1203 2419 idleniut
1213 2388 1271 2433 erae,

211 2450 255 2483 sec.
265 2436 290 2483 in
300 2436 352 2483 edd.
361 2446 416 2485 ante
426 2436 533 2484 omnibus
542 2438 651 2483 inaltant
668 2436 726 2484 MS.
754 2447 827 2494 quam
837 2447 880 2495 pro
890 2448 926 2491 eo,
942 2432 1006 2495 quad
1015 2434 1146 2497 opponitur,
1157 2436 1220 2483 tram
1226 2452 1272 2499 po.

211 2498 268 2547 Vat.
285 2500 319 2563 (st
328 2500 360 2548 V.
373 2501 400 2549 G.
412 2500 503 2556 Ursini)
518 2500 580 2563 apud
591 2500 725 2549 Brotarium
753 2511 827 2543 tuere.
859 2496 932 2544 Barr-
989 2527 992 2533 -
1133 2554 1137 2560 ῃ

211 2566 308 2623 multus,
325 2564 390 2628 quod'
397 2565 437 2612 ille
450 2576 473 2613 at
486 2564 510 2611 in
525 2573 615 2611 textum
631 2564 723 2627 recepit.
788 2562 893 2608 Utaalla
900 2562 1107 2626 onteBritannioe]
1118 2560 1271 2612 scribendum

213 2627 258 2675 Sed
268 2629 338 2677 sensit
348 2630 381 2677 ita
392 2644 439 2676 non
450 2628 538 2693 expleri
546 2642 647 2675 mnium.
675 2628 723 2675 lta-
754 2623 852 2680 videtur,
864 2626 931 2673 nulla
941 2632 994 2673 ante
1005 2627 1141 2673 Britannia
1150 2634 1213 2676 nota.
1237 2629 1272 2677 Et

211 2708 256 2755 que
277 2692 342 2741 addit
362 2696 466 2739 militam
485 2700 538 2739 ante
557 2694 659 2739 laudam
691 2694 724 2739 In
753 2688 872 2751 prospirit,
892 2688 956 2753 quad
974 2692 1030 2737 mox
1048 2689 1151 2738 diotums
1169 2700 1204 2739 est
1219 2708 1269 2756 oap.

211 2760 304 2817 mino
314 2756 435 2804 manifeste
450 2755 599 2819 conjungitur
609 2770 663 2803 aum
674 2770 724 2802 mo-
753 2754 793 2799 22.
825 2755 920 2801 Tentat
929 2755 1103 2815 expeditionum
1112 2770 1190 2803 annue
1200 2772 1272 2805 novor

211 2822 307 2869 &attam
319 2830 342 2867 et
354 2822 468 2884 differtor.
502 2820 564 2867 Cum
580 2819 666 2867 milites
682 2820 724 2866 iter
751 2820 944 2879 gmtormrait.
977 2818 1041 2865 Ante
1055 2817 1205 2883 buno-igitur
1220 2830 1272 2869 ten.

211 2883 316 2943 laterent,
336 2886 378 2933 hoc
394 2894 435 2942 est,
452 2886 478 2931 ln
494 2886 597 2944 agmina
615 2884 724 2931 laudabat
753 2889 808 2928 tatu
822 2889 898 2945 partas
912 2896 959 2929 non
975 2891 1040 2929 erant
1054 2897 1129 2942 nova,
1145 2884 1271 2935 red-nota.

210 2948 344 3005 modestiam
364 2964 394 2997 sc.
415 2963 503 3006 eorum,
525 2948 567 3012 qui
587 2948 612 2994 in
631 2947 723 3009 agmine
754 2943 846 2993 Grion.
879 2946 1062 3005 Bonnssensus,
1077 2947 1126 3006 aed,
1141 2956 1169 2995 ut
1178 2949 1271 3011 opinor,

210 2998 723 3076 manebant3quideserebautpraedandioaus·
752 3022 799 3055 non
815 3018 884 3073 aptus
900 3010 1094 3057 antaoedentibrm
1125 3012 1182 3059 Non
1198 3014 1272 3073 mun,

211 3091 242 3134 sa,
255 3092 293 3125 eoa
303 3079 427 3125 ooercebat.
459 3076 522 3123 Mihi
532 3078 633 3122 maltum
644 3084 722 3123 tamen
753 3072 773 3119 ai
790 3075 859 3121 urbes
877 3073 960 3121 dedita
978 3076 1037 3121 bene
1055 3074 1202 3134 muniuntur,
1216 3092 1271 3139 pro-

209 3150 340 3203 suspectum
349 3138 724 3201 estmalimquedelariritaom·
752 3144 840 3199 pterea.
855 3150 936 3185 omnes
962 3146 1024 3184 nota
1047 3136 1174 3185 Britannia
1194 3148 1280 3202 partas.

208 3202 334 3268 niaplana.
357 3204 427 3251 Eas.
452 3204 565 3250 Militum
574 3205 632 3250 bene
645 3204 721 3263 habet,
752 3199 925 3248 bellotentatoe.
952 3200 1062 3263 Suspioor
1071 3201 1271 3254 excidissertcrel

150 3294 154 3299 .
209 3281 255 3315 non
273 3268 405 3317 delendum.
438 3268 531 3314 Multas
547 3266 654 3314 Vatiaani
669 3282 722 3331 pm-
752 3265 850 3328 ttapost
859 3281 927 3327 part.
959 3265 998 3312 Ita
1006 3266 1269 3332 benemnnitaopp'nla,

208 3331 248 3379 bat
257 3332 380 3381 Bleterius.
753 3337 781 3375 ut
798 3342 920 3393 nunquam
938 3331 969 3377 ab
986 3330 1091 3377 hostibus
1105 3330 1209 3381 metita
1224 3334 1271 3383 sint

240 3398 304 3445 Lora
314 3402 397 3445 caetris
407 3401 456 3461 ipse
466 3396 558 3461 capere]
576 3396 666 3459 Magno
677 3412 721 3443 nu·
752 3393 820 3449 bello,
836 3409 891 3441 eum
906 3394 963 3442 alias
979 3409 1045 3443 nova
1060 3404 1135 3458 partes
1145 3397 1271 3459 provincie

207 3472 271 3509 mero
281 3463 442 3509 Romanarum
458 3471 531 3509 eastra
547 3468 669 3523 supersunt
681 3476 723 3525 per
753 3457 824 3505 Rom.
840 3458 935 3519 adjecta
950 3461 1028 3507 crebro
1041 3461 1072 3507 ab
1082 3461 1185 3509 barbiris
1195 3470 1270 3510 tanta·

208 3525 364 3586 Britanniam,
381 3526 410 3574 de
420 3526 506 3589 quibus
516 3524 562 3573 vid.
578 3524 681 3573 Gordon.
698 3525 722 3571 in
752 3530 840 3579 renmr,
858 3522 946 3571 ail'orte
956 3523 1164 3587 radpereposaent.
1195 3526 1269 3573 ans.

205 3588 322 3637 itinerario
333 3590 446 3653 Septentr.
752 3585 807 3647 Bip·
826 3586 952 3648 conjiciunt
962 3590 1027 3635 nuta
1037 3596 1097 3636 arto.
1112 3590 1216 3637 nassa
1228 3590 1270 3636 da·
1339 3617 1344 3622 -

204 3652 208 3657 '
239 3656 396 3701 Irritamenta
408 3657 475 3715 posia
490 3655 615 3717 ostentare]
634 3652 722 3702 Acida-
752 3650 794 3696 bat
800 3652 882 3713 paullo
892 3659 946 3699 unta
957 3650 1000 3699 Br.
1011 3666 1135 3715 nooapaoe.
1159 3652 1224 3700 Mihi
1235 3653 1268 3700 N.

205 3714 252 3772 lius
274 3725 347 3765 tentat
369 3720 531 3776 invitamenta,
556 3718 618 3781 quod
641 3717 722 3780 Lipsio
751 3712 952 3777 'Ia-plaoettamen
963 3716 1040 3763 Βοιὼ,
1053 3719 1192 3779 oonjeetura,
1202 3717 1269 3764 nulla

207 3796 299 3845 quoque
315 3782 427 3845 placebat,
443 3798 460 3829 s.
478 3781 548 3829 etiam
567 3784 722 3829 imitamento.
753 3779 808 3826 inde
814 3778 918 3842 (ahhino‚
927 3780 1021 3840 exinde)
1029 3783 1202 3829 Britannorum
1209 3795 1269 3842 para

207 3843 329 3908 Ingeniosa
339 3855 472 3909 utrumque.
498 3847 660 3893 laudamento
670 3846 722 3909 qui.
752 3844 838 3892 indta.
869 3844 955 3892 Malim
971 3854 1049 3893 tamur
1064 3846 1269 3894 martran-
1348 3902 1363 3917 ἢ

206 3908 259 3957 dem
266 3909 293 3958 'et
304 3911 368 3957 irrit.
378 3909 444 3957 facile
455 3909 634 3969 confunduntur,
646 3920 674 3956 ut
684 3910 721 3957 in·
750 3909 939 3971 ntoenovapart.
1012 3936 1015 3941 -
1183 3936 1186 3943 ·

118 4017 124 4021 .
207 3976 282 4021 vitare
297 3981 320 4021 et
335 3976 433 4021 irritare
449 3990 509 4037 sape
525 3974 620 4021 confusa
636 3974 721 4021 sdmua
782 3974 852 4020 <Bello
864 3975 963 4038 sutiles]
989 3974 1051 4022 de.
1070 3981 1124 4020 ante
1139 3973 1218 4022 Rhea.
1243 3978 1268 4023 tn

205 4034 230 4083 in
251 4038 324 4085 libris.
354 4038 388 4085 Et
409 4040 555 4085 imitamenta
572 4038 641 4099 pacit
662 4038 721 4086 bene
751 4036 814 4096 teto,
833 4037 1269 4103 undemagisprobemtlteramllhe-

206 4110 374 4163 opponerentur
383 4104 520 4149 terroribus.
546 4101 592 4149 Sed
603 4110 626 4149 et
636 4103 721 4149 irrita·
750 4101 807 4147 nani
817 4103 972 4163 conjecturam
983 4105 1009 4148 in
1020 4102 1111 4162 tellam,
1127 4102 1174 4150 sire
1184 4105 1213 4149 ta
1222 4106 1268 4150 iel·

201 4162 283 4212 'meato
299 4168 365 4227 pocta
380 4173 441 4213 reate
456 4166 572 4222 dicuntur,
589 4174 616 4212 ut
631 4166 721 4228 opinor.
750 4164 781 4223 lo,
794 4165 856 4228 quod
864 4180 911 4213 non
922 4166 1000 4211 minua
1010 4173 1070 4213 reate
1079 4165 1169 4214 dicitur.
1192 4166 1267 4214 aas.

205 4228 268 4280 Nam
287 4232 386 4286 irritare
402 4229 472 4277 etiam
486 4229 511 4275 in
528 4232 613 4277 bonam
629 4238 718 4292 partam
750 4227 858 4276 Restituo
879 4227 1001 4276 lectionem
1025 4229 1153 4292 pristinam.
1185 4231 1224 4278 Sia
1245 4237 1269 4277 et

205 4290 295 4349 dicitur,
312 4302 335 4341 et
349 4293 439 4341 facilins
450 4302 476 4341 ao'
486 4293 569 4357 sapius
580 4308 610 4339 ex
622 4294 719 4343 irritare
750 4293 806 4355 Bip.
816 4293 858 4355 qui
865 4292 952 4353 faciles
961 4303 1022 4342 recte
1031 4293 1131 4341 reddunt
1139 4296 1215 4357 sorite
1221 4308 1269 4354 pa-

204 4355 290 4403 facturn
308 4366 341 4404 est
358 4360 467 4415 invitare,
485 4372 556 4420 quam
567 4367 651 4405 contra.
685 4358 716 4404 V·.
752 4357 962 4417 rabilenpromti.
1245 4364 1247 4367 '

198 4413 373 4469 'Drakenb.·ad
392 4422 443 4469 Liv.
465 4422 493 4477 l,·
509 4422 545 4471 15.
566 4431 589 4469 et
607 4422 665 4485 quot
686 4420 718 4469 ibi
811 4442 815 4445 ·
886 4446 889 4451 ·
