3034 4967
567 271 628 330 AD
649 261 809 332 ANNAL.
826 266 910 331 utu.
923 265 972 330 11.
1249 269 1306 328 123

231 417 365 508 reposuit
377 427 558 490 Torrentius.
600 429 689 488 Certe
703 429 781 487 enim
794 426 928 506 pecnniae
948 424 1010 484 reci
1023 423 1128 483 'ienae
1148 437 1179 484 et
1197 444 1310 504 expens

233 508 339 568 dendae
352 519 505 586 praeerant.
531 507 671 585 Apuleius
685 507 762 566 Met.
776 511 805 566 2.
818 527 847 585 p.
865 509 930 564 tao.
944 504 992 563 ed.
1006 445 1143 562 leenh.
1173 505 1311 564 Philode·

231 599 342 666 spotam
354 587 474 665 requirit
486 599 619 656 actorem
637 586 695 664 (ita
709 604 726 644 e
740 585 845 644 codice
858 583 969 662 scripta
986 581 1111 640 Giselini
1128 584 1220 642 nostri
1234 583 1310 660 legi·

232 683 308 734 mus,
328 685 396 725 cum
417 665 494 724 male
528 664 626 723 adhuc
655 667 810 739 auctorem)
833 664 913 740 eique
944 660 1085 752 precipit,
1109 661 1180 720 bona
1201 661 1312 721 ennodi

232 744 364 803 redderet
376 745 437 803 sine
452 762 529 802 mara
540 741 701 822 premium.
742 742 786 800 Ut
800 761 872 819 ergo
885 741 934 799 isti
946 744 977 797 in
995 750 1111 816 privata
1127 739 1246 810 familia,
1265 739 1309 799 sic

230 833 263 880 et
280 821 309 879 in
329 822 498 900 Republica
517 818 662 879 'Actoresz
686 821 724 878 de
738 819 846 956 puibus
860 818 948 876 Plinii
961 817 1060 875 locum
1075 829 1241 878 comeatum
1252 816 1309 876 im·

230 909 304 978 puto
329 901 488 977 juventuti.
503 899 599 976 Epist.
615 903 644 966 7,
660 903 737 960 18.a
776 897 949 958 Caniniumt
978 895 1119 973 Equidem
1141 895 1213 956 nihil
1232 917 1308 956 eom-

229 979 338 1036 modius
352 979 473 1050 inaemio,
485 999 567 1058 qaam
582 978 657 1056 qaod
669 977 805 1057 ipseseei.
843 975 921 1035 Nam
938 996 993 1055 pro
1013 974 1174 1052 quingentis
1186 973 1309 1036 millibus

229 1077 382 1126 mammam,
397 1077 461 1134 qua
473 1058 502 1116 in
517 1056 648 1116 alimento
661 1059 843 1136 ingenuorum
856 1054 1053 1132 promiseram,
1068 1074 1174 1130 agrem
1186 1074 1225 1112 ea
1237 1054 1309 1114 meis

231 1137 316 1212 longe
323 1135 420 1215 pluria
433 1137 559 1196 exactori
581 1135 723 1213 (corrigo,
742 1134 872 1212 inquam,
893 1133 998 1208 actori)
1010 1130 1125 1210 publico
1138 1134 1309 1212 mancipavi,

228 1213 355 1273 eamdem
374 1213 512 1292 uectigali
532 1214 661 1294 imposito
681 1213 784 1292 recepi,
809 1213 917 1270 tricena
939 1209 1027 1270 millia
1047 1229 1146 1268 annua
1165 1211 1308 1272 daturas.-

227 1292 334 1370 quibus
344 1293 441 1352 verbis
452 1293 525 1351 nihil
539 1293 646 1351 clarius
661 1302 759 1370 potest
772 1290 811 1349 ad
821 1289 917 1349 Taciti
932 1300 1074 1347 mentem.
1114 1292 1157 1349 Ut
1167 1289 1246 1346 enim
1263 1290 1308 1348 ibi

230 1389 301 1446 ager
325 1371 429 1430 Actori
457 1371 578 1448 publico
596 1369 792 1447 mancipatur,
813 1368 858 1428 sic
879 1367 930 1426 hic
953 1367 1040 1425 servi.
1082 1366 1159 1426 Vide
1181 1387 1249 1445 quae
1268 1368 1308 1427 de

227 1447 412 1539 Reipublicae
425 1449 515 1507 servis
528 1449 631 1527 scripsi
645 1449 819 1507 Electorum
836 1451 863 1517 l,
878 1451 926 1506 22,
936 1455 969 1504 et
975 1445 1053 1504 adde
1067 1445 1163 1524 (quod
1173 1457 1246 1505 tunc
1257 1465 1305 1505 me

227 1527 320 1604 sugit)
339 1526 376 1585 de
390 1527 587 1605 appellatione
601 1547 704 1587 eorum
718 1546 737 1584 a
752 1525 979 1604 Magistratibus
1001 1523 1142 1582 Varronis
1161 1524 1306 1601 insignem

232 1605 342 1675 locum,
364 1625 452 1684 quem
472 1605 569 1665 secius
584 1606 703 1684 accepit
716 1604 761 1663 vir
782 1604 899 1672 doctus,
916 1602 954 1662 de
968 1603 1032 1661 LL.
1046 1604 1077 1671 7,
1092 1607 1141 1662 41.
1181 1602 1307 1662 Nomina

229 1682 329 1744 labent
336 1685 470 1764 plerique
480 1685 577 1745 liberti
591 1707 608 1744 a
621 1684 773 1764 marriaiprtia
786 1682 969 1742 manumissi.-
983 1685 1014 1739 in
1022 1701 1087 1759 pao,
1102 1691 1135 1741 at
1144 1682 1307 1741 ementem

230 1773 259 1818 et
264 1765 406 1840 semorum
422 1763 505 1830 serni,
518 1785 571 1822 non
584 1772 727 1822 servarunt
736 1763 947 1842 proportionem
959 1769 988 1818 et
1001 1761 1148 1831 rationem,
1159 1773 1187 1819 et
1199 1761 1309 1820 Rama·
1388 1799 1390 1805 ·

230 1859 329 1898 noram
350 1841 444 1898 liberti
464 1840 619 1900 debuerant
635 1841 703 1908 dici,
723 1850 752 1899 et
778 1860 797 1898 a
817 1839 956 1898 Faventia
977 1838 1196 1906 Ferentinum
1217 1839 1308 1897 Reate

229 1917 379 1988 Reatinae,
393 1920 433 1976 sic
443 1936 460 1973 a
472 1919 566 1976 Roma
580 1920 744 1988 Romanas,-
771 1931 803 1975 at
813 1917 1017 1975 nominantur*
1030 1913 1155 1977 libertini
1168 1936 1186 1973 a
1199 1915 1308 1975 libertis

230 1997 298 2065 orti,
312 2006 339 2055 et
353 2017 368 2055 e
377 1995 502 2073 publicis
514 1996 602 2054 seruis
623 1993 732 2074 Populi
750 1995 888 2062 Romani,
909 1995 959 2072 qui
976 1993 1138 2052 manumissi
1156 2002 1307 2072 antequam

230 2077 282 2131 sab
298 2075 527 2152 Magistretaam
542 2078 662 2144 aomina,
677 2074 727 2152 qai
746 2093 792 2132 eos
813 2072 976 2140 liberarant,
991 2071 1137 2130 succedere
1156 2083 1307 2150 ceperant.

228 2152 313 2210 Dicit
323 2152 426 2211 Varro.
469 2152 552 2210 Servi
571 2153 683 2229 publici
703 2151 885 2220 manumissi,
907 2149 980 2207 dicti
999 2160 1069 2207 sunt
1087 2150 1185 2209 liberti
1200 2151 1306 2230 Populi
1411 2205 1429 2229 ο

229 2229 367 2299 Romani,
383 2232 426 2289 uti
440 2250 544 2308 reapse
563 2241 662 2298 erant;
682 2229 850 2288 manumissi
870 2228 1000 2307 quidem,
1021 2227 1192 2306 priusquam
1211 2230 1308 2288 ambi·

192 2331 194 2335 ¹
229 2308 304 2367 tiosa
327 2311 388 2368 haec
412 2309 596 2367 consuetudo
620 2308 816 2368 invalesceret
839 2305 1010 2366 nominandi
1034 2325 1052 2363 a
1076 2309 1308 2386 magistratibus.

227 2388 305 2446 Nem
320 2405 392 2444 eece
407 2398 561 2464 caeperunt
574 2407 592 2446 a
606 2387 736 2446 Consule
756 2386 895 2464 quopiam
914 2397 965 2443 aut
980 2386 1120 2456 Praetore,
1135 2387 1305 2446 Corneliani

229 2464 299 2534 dici,
314 2463 453 2533 Gelliani,
469 2465 613 2525 Clodiani.
654 2466 695 2530 Et
709 2465 786 2523 adde
800 2465 872 2532 istis,
886 2482 950 2545 quae
964 2465 1062 2520 notavi
1076 2464 1128 2522 ibi.
1168 2464 1224 2525 llle
1234 2465 1305 2524 ami-

228 2561 281 2601 cus
294 2555 394 2601 noster
405 2544 443 2601 ad
453 2543 757 2604 successiones'refert
769 2554 799 2604 et
813 2539 982 2603 testamenti
992 2539 1161 2603 factionem.
1186 2545 1304 2605 Acuta:

229 2621 282 2679 sed
297 2632 429 2702 quotam
444 2625 553 2681 acute?

752 2804 792 2861 G.

638 2959 739 3020 ,CAR
769 2958 896 3018 XXXII.

267 3119 304 3174 A.
320 3117 358 3176 U·
371 3119 441 3175 614.
478 3117 521 3176 M.
532 3115 656 3198 Popillio
670 3118 800 3186 Lanate,
817 3115 870 3176 Gn.
887 3110 1133 3194 calpurniacoss.
1148 3117 1182 3180 C.
1195 3117 1302 3178 Corne·

227 3193 283 3254 lias
299 3193 449 3274 Hispallus
470 3195 589 3254 Preetor
601 3197 691 3255 edicto
713 3195 864 3256 Ctatdeos
882 3195 961 3254 intra
979 3197 1115 3257 decimam
1133 3195 1205 3256 diem
1226 3196 1303 3259 abire

227 3294 261 3330 ea
275 3272 343 3331 arbe
355 3281 440 3351 atqae
459 3272 545 3332 ltalia
555 3275 667 3354 jussit:
697 3273 802 3334 levibus
821 3284 906 3352 atque
925 3274 1026 3355 ineptia
1044 3275 1178 3354 ingeniis,
1186 3275 1303 3355 fallaci

224 3349 348 3410 siderum
362 3351 605 3432 interpretatione,
619 3367 805 3431 qaaestaosam
826 3353 981 3414 mendaciis
998 3359 1057 3414 saie
1072 3352 1222 3432 caliginem
1234 3355 1301 3436 inji-

225 3428 347 3488 cientes}
369 3429 411 3488 ait
423 3431 557 3490 Valerius
583 3436 706 3504 1,3,2.·
730 3434 767 3492 Α.
785 3434 854 3495 721.
894 3433 937 3493 M.
957 3434 1092 3513 Agrippa
1110 3433 1218 3495 AEdilia
1237 3433 1301 3504 τούς
1338 3436 1341 3442 '

225 3503 417 3588 ἀστρολόγους
431 3509 479 3570 nal
492 3506 554 3578 roir
571 3509 676 3590 γόητας
691 3513 722 3570 ἐκ
735 3512 784 3588 τῆς
801 3511 908 3579 πόλεως
927 3513 1085 3591 iamnes:
1113 3524 1218 3575 auctor
1239 3512 1299 3570 Dio

119 3589 123 3598 '
225 3589 276 3654 49,
303 3591 353 3650 43.
392 3587 506 3646 Iterum
525 3608 551 3648 a.
570 3592 639 3652 761.
663 3592 699 3648 ab
721 3591 860 3667 Augusto
883 3590 1073 3652 interdictum
1096 3611 1200 3652 severe
1221 3589 1301 3649 omui

218 3664 363 3724 uaticinio
376 3687 413 3726 ac
426 3666 630 3744 praedictione,
644 3679 728 3734 notat
741 3669 820 3726 idem
835 3669 1015 3741 Graecus56,
1030 3674 1078 3730 25.
1105 3671 1166 3733 Sed
1178 3668 1255 3727 serio
1268 3667 1300 3728 in

224 3741 326 3819 primis
347 3755 465 3804 etcum
484 3764 556 3804 cura
575 3765 612 3806 ea
632 3766 678 3806 res
695 3747 806 3817 habita,
824 3747 884 3806 hoc
906 3767 992 3811 anno.
1034 3744 1297 3816 Senatusconsulti,

223 3821 306 3899 quod
318 3821 443 3894 factum,
456 3824 581 3886 formam
600 3837 632 3884 et
645 3827 734 3885 verba
748 3837 832 3886 certo
852 3829 949 3904 reperi
960 3829 991 3888 in
1005 3826 1189 3905 Fragmentis
1201 3824 1222 3883 J
1225 3826 1298 3884 uris-

224 3900 436 3973 consutorum,
448 3922 515 3980 quae
529 3903 612 3962 dedit
625 3923 719 3982 nuper
734 3905 919 3964 doctissimus
933 3909 965 3968 P.
980 3908 1113 3966 Pithoeus
1137 3905 1238 3979 (libro,
1249 3906 1298 3964 cui

223 3977 337 4049 titulus,
356 3980 478 4040 Collatia
493 3984 616 4043 Mosaic.
636 3981 734 4062 legam
747 3997 777 4042 et
789 3985 874 4043 Rom.
887 3985 933 4046 tit.
949 3991 985 4046 15
994 3990 1028 4062 †.
1073 3983 1127 4044 Ait
1140 3983 1181 4042 ibi
1196 3983 1298 4062 Ulpia-

222 4072 277 4114 nus
295 4056 316 4118 l.
337 4060 367 4120 7.
390 4059 428 4118 de
450 4060 527 4119 offic.
551 4061 693 4122 Procons.
732 4063 885 4122 Praeterea
900 4065 1053 4125 interdieta
1074 4072 1117 4122 est
1142 4063 1199 4137 (ita
1224 4062 1298 4142 legit

223 4131 372 4215 Pithoeus)
400 4139 667 4201 Mathematicoram
685 4141 792 4202 callida
807 4142 961 4222 impostura
979 4155 1008 4200 et
1025 4141 1218 4204 attemerare
1226 4163 1298 4220 per·

243 4265 270 4342 ,1
279 4291 365 4372 Inger
380 4311 396 4344 a
414 4297 543 4352 ttterttnets
563 4301 610 4347 orti·
624 4299 717 4363 palliet
735 4304 805 4358 rer-ot,
823 4301 926 4362 Romani
942 4316 1038 4368 ..pp
1058 4301 1148 4369 Popma
1162 4303 1297 4368 legitimi

222 4358 377 4418 Megaeram
387 4364 414 4410 in
424 4365 519 4410 nomina
531 4365 632 4428 (eorum)
644 4365 692 4426 qni.
1294 4418 1299 4426 ,

252 4425 273 4484 †
285 4421 359 4473 Dedit
369 4423 393 4474 et
403 4425 524 4493 Schulting
534 4429 557 4477 in
568 4427 699 4495 Jurisprua.
711 4429 862 4479 ante-Juniis.
872 4446 895 4496 p.
907 4431 963 4482 785.
999 4443 1003 4448 '
