3034 4967
300 620 497 707 amau.
518 622 637 707 Jos,
659 622 729 703 W.
751 582 1189 705 suiuus-cumn

229 858 323 949 nu
388 854 724 951 rmenaro
789 798 1276 999 anennoeton

419 1112 690 1180 SUCCINCTA
713 1110 1098 1179 COMMENTATIO.

259 1462 362 1517 Auara
375 1465 444 1514 aute
459 1453 608 1514 Christum
616 1454 752 1513 ducentis
767 1453 980 1533 quinquaginta
995 1456 1122 1513 Arsaces
1133 1456 1157 1523 I,
1169 1453 1289 1533 Scythis

222 1534 416 1602 Nomadibus,
439 1534 489 1611 qui
510 1544 541 1591 et
561 1533 656 1593 Dahae
677 1534 798 1612 Aparni,
819 1534 989 1611 praefectus,
1011 1532 1128 1591 Parthis
1148 1533 1288 1602 subactis,

220 1612 420 1685 Macedonum
436 1615 542 1691 jugum
563 1612 702 1671 excussit.
742 1611 862 1671 Abhinc
883 1612 1003 1691 Scytbae
1024 1632 1091 1670 cum
1112 1611 1228 1671 Parthis
1249 1612 1290 1669 ita

222 1694 413 1760 coaluere,ut
422 1703 568 1751 etnomen
578 1690 682 1749 horum
692 1702 722 1749 et
733 1691 1044 1750 moresadsciscerent.
1083 1690 1159 1749 Mox
1171 1690 1290 1748 devicto
1372 1740 1378 1749 .

222 1772 350 1833 Seleuco
359 1768 513 1840 Callinico,
524 1771 651 1829 Arsaces
660 1769 800 1828 stabilivit
808 1769 966 1848 Imperium
978 1769 1211 1848 ejusquelimites
1217 1770 1290 1826 mul·

222 1862 286 1912 tum
294 1849 441 1929 promovit
453 1870 461 1908 ε
479 1859 832 1918 tum,utvastaterrarum
847 1848 941 1928 spatia
949 1860 1018 1913 ante
1032 1848 1149 1907 deserta
1161 1848 1291 1925 repleret

224 1929 338 1997 incolis,
352 1928 397 1998 iis,
412 1928 463 2006 qui
477 1928 507 1986 iu
520 1926 602 1986 arida
615 1928 683 1986 loca
694 1927 792 1987 sontes
807 1927 1010 2000 deduxissent,
1019 1927 1084 1987 haec
1095 1947 1147 2005 per
1162 1927 1232 2003 quin
1255 1947 1291 1985 ue

223 2008 429 2087 generationes
443 2027 512 2066 cum
525 2006 700 2065 inmunitate
714 2006 824 2065 utenda
841 2006 968 2065 fruenda
987 2005 1141 2065 concessit.
1182 1946 1290 2063 Eaiex

224 2087 315 2146 dubio
329 2086 431 2166 procul
451 2086 605 2165 spectabat
618 2084 657 2143 ad
670 2085 814 2154 codicem,
829 2104 916 2163 quem
936 2104 976 2143 ex
997 2085 1135 2153 omnium,
1150 2104 1222 2163 quas
1236 2082 1291 2142 sibi

223 2168 400 2244 subjecerat,
411 2164 544 2243 gentium
553 2161 670 2241 legibus
683 2163 813 2222 confecit
825 2164 960 2224 Arsaces.
1000 2162 1153 2232 Dolemus,
1164 2174 1224 2221 tam
1238 2182 1290 2221 ex-

224 2245 325 2303 imium
334 2242 515 2325 antiquitatis
526 2242 737 2301 documentum
744 2252 863 2300 oetatem
872 2241 1051 2313 contulisse,
1063 2261 1101 2301 ex
1112 2263 1172 2321 quo
1184 2243 1220 2300 de
1231 2242 1291 2301 Im·
1353 2252 1354 2257 ’
1377 2258 1379 2263 ·

224 2322 298 2402 perii
307 2321 437 2382 Parthici
445 2320 585 2379 institutis
592 2320 726 2398 judicare
736 2320 849 2381 liceret.
882 2319 962 2382 Illud
971 2331 1094 2391 certum,
1105 2320 1221 2399 legibus
1229 2320 1291 2379 istis

225 2400 414 2460 stabilitatem
422 2398 507 2477 regni
520 2399 657 2459 debuisse
667 2398 835 2471 Arsacidas,
851 2418 924 2478 quos
935 2399 1008 2459 mira
1017 2399 1076 2459 fide
1086 2400 1204 2460 coluere
1219 2399 1290 2458 Par-

226 2480 278 2541 thi.
319 2478 384 2539 Etsi
398 2479 428 2537 in
440 2478 497 2537 bac
511 2489 602 2556 gente
615 2478 765 2538 successio
778 2480 863 2557 regni
881 2499 940 2537 non
955 2489 1124 2539 constanter
1143 2478 1222 2557 apud
1234 2478 1292 2558 pri-

226 2559 408 2637 mogenitum
419 2556 715 2635 Regisfiliumfuerit,
730 2577 880 2636 nunquam
891 2568 989 2615 tamen
1009 2557 1153 2617 seniorem
1169 2558 1291 2636 stirpem

226 2649 272 2695 est
282 2655 408 2715 egressa.
442 2636 510 2694 Rex
522 2636 611 2713 vulgo
623 2636 752 2713 Magnus
765 2636 823 2695 dici
836 2635 997 2705 consuevit,
1008 2636 1139 2716 itemque
1152 2638 1220 2696 Rex
1233 2637 1293 2694 Re·

225 2735 308 2794 gum,
320 2714 397 2793 quod
406 2714 517 2773 nummi
529 2714 648 2775 docent.
678 2716 776 2792 Caput
786 2716 860 2775 tiara
867 2715 999 2792 tegebat,
1008 2715 1173 2775 diademate
1183 2716 1291 2783 cincta,

227 2793 308 2872 quod
328 2812 405 2872 sape
425 2793 536 2871 duplex
554 2805 639 2863 erat,
650 2793 728 2871 quali
745 2813 814 2852 usus
832 2794 1010 2863 Artabanus,
1033 2796 1150 2872 Regum
1170 2794 1293 2852 istorum

231 2880 406 2955 postremus,
421 2874 459 2931 ab
470 2873 640 2931 Artaxerxe
650 2873 710 2931 vita
722 2892 874 2951 regnoque
888 2872 1028 2950 privatus.
1057 2874 1156 2951 Reges
1167 2872 1293 2932 Partho·
1369 2941 1372 2947 .

227 2972 300 3022 rum,
312 2952 366 3009 nisi
381 2951 480 3010 oblato
496 2970 627 3021 munere,
641 2952 769 3010 salutare
783 2971 841 3010 non
849 2948 973 3021 licebat,
983 2952 1294 3030 eorumqueimagines
1335 2970 1337 2975 ’

226 3050 280 3108 per
293 3049 394 3089 omnes
404 3029 608 3089 dominationis
618 3031 705 3089 urbes
714 3030 920 3103 adorabantur.
941 3030 1026 3090 Patet
1035 3049 1072 3088 ex
1082 3030 1135 3100 his,
1145 3050 1294 3088 summum
1358 3031 1361 3035 ’

225 3109 317 3169 fuisse
339 3109 513 3169 Parthorum
533 3108 705 3186 imperium:
731 3119 927 3186 temperatum
951 3123 1049 3168 tamen
1071 3108 1128 3167 fuit
1150 3109 1294 3167 nobilium

121 3189 124 3193 ⁴
227 3188 406 3249 auctoritate
419 3197 628 3267 potestateque
642 3186 802 3265 primorum
815 3188 933 3267 Imperii
949 3188 1165 3266 praefectorum.

266 3361 303 3419 In
315 3360 360 3419 his
374 3362 489 3421 Surena
502 3361 552 3419 uni
567 3362 644 3439 Regi
664 3361 842 3421 auctoritate
861 3363 1046 3422 concedebat
1060 3376 1091 3423 et
1104 3342 1217 3442 opilius.
1256 3364 1294 3421 ld

228 3439 354 3499 nominis
366 3440 435 3500 olim
448 3440 601 3501 Arsacidae
615 3440 769 3519 cujusdam
782 3440 890 3512 fuerat,
904 3442 986 3520 quod
999 3442 1037 3501 ad
1051 3455 1185 3521 posteros
1200 3454 1294 3501 trans-

259 3645 367 3709 Apama]
387 3643 469 3693 Strabo
480 3644 510 3692 1..
523 3647 561 3692 11.
573 3660 597 3707 p.
611 3647 667 3691 511.
679 3644 820 3693 Ptolemaeus
832 3647 927 3693 Puram
938 3653 1005 3694 vocat
1016 3648 1040 3707 6,
1056 3649 1092 3695 10.

259 3711 360 3758 Parthis
371 3711 482 3772 adactis]
500 3708 610 3756 Justinus
620 3712 662 3763 41,
674 3713 697 3758 4.
731 3711 815 3759 Strabo
825 3726 850 3774 p.
861 3714 917 3758 515.

215 3787 218 3796 “
259 3775 385 3838 Excussit]
396 3773 512 3820 Arrianus
522 3772 547 3820 in
558 3772 671 3822 Parthicis
681 3774 745 3839 apud
755 3775 825 3824 Phot.
835 3774 885 3823 eod·
897 3778 936 3825 56.
947 3782 971 3823 st
980 3776 1044 3841 apud
1052 3776 1198 3841 Syncellum,
1206 3791 1231 3839 p.
1237 3778 1297 3824 284.

260 3839 399 3902 Promovit]
416 3837 508 3885 Justin.
521 3837 539 3883 l.
550 3853 571 3886 e.

262 3904 394 3967 coacessit]
412 3902 497 3964 Polyb.
509 3902 571 3951 Exc.
585 3908 623 3960 10,
634 3908 675 3953 25.

259 3969 320 4015 Jad.
330 3969 422 4030 liceret]
440 3965 538 4018 Diodori
545 3982 596 4016 exc.
607 3968 705 4017 Peiresc.
715 3975 733 4016 t.
744 3973 769 4016 2.
779 3986 804 4033 p.
816 3970 872 4023 597.

261 4032 312 4081 Col.
326 4032 427 4096 Parthi]
445 4030 520 4080 Tacit.
530 4035 555 4086 6,
567 4037 607 4082 31.
618 4038 660 4083 41.
1183 4064 1189 4073 ι
1294 4068 1298 4076 ,

260 4096 315 4144 Rea
325 4098 438 4161 magnus]
457 4096 584 4145 Herodian.
594 4099 618 4154 6,
629 4101 652 4148 6.
664 4098 735 4146 habet
745 4095 874 4163 ’Aeantium
886 4101 921 4148 ris
931 4102 1027 4167 πρότερον
1038 4097 1168 4163 καλούμενον
1179 4101 1213 4149 sir
1224 4100 1297 4161 μέγαν

226 4160 334 4272 ζῶα·
350 4160 469 4235 nbi'male
484 4162 603 4226 interpres,
620 4165 661 4225 qai
678 4164 732 4211 Rea
743 4164 840 4225 primur
855 4178 957 4225 magnas
972 4166 1100 4229 appellatur
1110 4171 1144 4213 ert
1154 4164 1206 4227 legs
1215 4165 1295 4226 prius.

288 4237 418 4273 enummrs
428 4234 489 4275 nota.

260 4285 407 4353 Artabrum]
426 4290 512 4338 Herod
525 4291 542 4338 l.
553 4306 575 4340 c.
608 4292 674 4339 Ante
684 4290 755 4340 istum
770 4293 820 4355 jam
832 4292 889 4343 alios
900 4292 988 4358 duplici
999 4308 1060 4351 usos,
1072 4310 1102 4344 ex
1117 4293 1222 4343 nummis
1233 4292 1297 4357 apud

229 4351 384 4401 Vaillantium
395 4362 465 4415 patet.

261 4418 313 4464 oct
325 4416 431 4481 munere]
464 4422 550 4467 Seneca
560 4436 596 4483 ep.
612 4424 650 4468 17.

260 4481 438 4546 Adorabuntar]
457 4484 563 4532 Philostr.
576 4500 597 4532 v.
610 4485 690 4548 Apoll.
707 4491 728 4545 1,
740 4489 780 4545 27.
