3034 4967
555 241 622 304 :AD
642 241 802 305 ANNAL.
820 241 900 305 Lm.
918 242 961 304 11.
1236 243 1296 303 121¹

220 397 286 492 nqis
305 399 356 494 'tiu‘
373 395 504 492 Kairaqa
525 400 698 494 dnenirorra.
738 399 814 536 Dixit
832 400 980 491 modicam
991 395 1102 492 fuisse:
1125 397 1236 491 collige
1254 416 1295 456 ex

221 479 565 627 ltflttttltttl
582 480 1298 647 itttitatitttibttttttttt

218 656 322 714 gerens
335 638 365 696 in
380 647 493 720 muenia
503 635 611 714 palude
624 636 745 696 delituit.
784 637 891 714 Neque
905 636 982 694 enim
995 635 1086 694 baltei
1099 634 1219 694 latebris
1233 644 1295 710 tegi

221 715 366 792 potuisset
380 716 480 794 aquila
492 715 653 776 admodum
666 733 783 792 magna.
824 714 900 773 Vide
914 713 1053 771 Militiam
1066 725 1207 798 nostram,
1221 717 1251 780 4,
1265 717 1295 770 4.

744 953 784 1010 D.

653 1107 744 1170 CAP.
763 1105 875 1170 XXVI.

260 1268 372 1326 sums
386 1268 431 1334 15,
449 1270 517 1328 119.
528 1310 536 1327 .
546 1310 554 1325 .
565 1311 572 1326 .
585 1266 771 1344 Laurumque
783 1260 974 1344 superbamln
981 1261 1091 1343 gremio
1104 1263 1187 1324 Joois
1200 1252 1298 1324 euobis

220 1344 356 1424 deponere
366 1343 475 1404 Panis.
515 1344 627 1404 Statius
642 1345 712 1406 Silv.
726 1350 757 1413 4,
775 1350 801 1414 1,
816 1340 979 1402 41....1tr
997 1342 1117 1401 noudum
1136 1342 1167 1401 in
1184 1343 1296 1423 gremio

220 1423 302 1480 Joois
321 1423 425 1481 Iadica
443 1422 549 1482 murus.
589 1423 663 1482 Dixi
682 1423 713 1481 in
732 1423 862 1482 fascibus
881 1420 1041 1480 lictorum:
1063 1430 1094 1478 et
1117 1439 1186 1478 eum
1206 1422 1298 1480 ritum

222 1501 302 1558 clare
315 1500 399 1576 ponit
412 1500 469 1558 Dio
480 1505 530 1572 st,
544 1505 592 1561 ts.
603 1501 641 1559 de
653 1501 806 1580 Augusto:
822 1497 877 1558 Kal
886 1492 954 1568 iaci
964 1494 1141 1560 nanneno
1155 1497 1297 1568 drab-bair,

220 1575 309 1653 niara
324 1576 427 1660 dolorm
445 1579 502 1640 ant
523 1578 577 1640 ruis
598 1576 708 1670 pieton
729 1581 859 1662 aspicite,
880 1575 928 1636 nal
945 1578 975 1651 ἐς
992 1575 1030 1636 roi
1042 1576 1092 1638 roi
1109 1575 1174 1647 mle
1188 1579 1315 1659 γόνατα.

221 1653 366 1715 κατέθετο.
406 1655 489 1718 Sicut
500 1669 531 1718 et
544 1657 643 1717 Julius
652 1657 828 1736 Obsequens
839 1678 866 1716 c.
881 1659 946 1717 123.
990 1656 1024 1716 C.
1034 1655 1187 1728 Antonius,
1197 1677 1259 1716 cum
1269 1656 1298 1715 in

221 1754 256 1809 ar
275 1756 291 1793 o
309 1733 482 1796 Pistoriensi
502 1737 654 1798 Catilinam
673 1737 797 1806 oimsset,
817 1735 1071 1814 laureatossasces
1082 1736 1113 1793 in
1123 1735 1299 1812 prouinciam

220 1823 233 1872 t
263 1811 296 1870 it.
337 1813 491 1904 Apparuit,
510 1835 572 1872 curn
593 1813 717 1874 hostibus
733 1813 913 1894 portendisse
931 1813 1091 1882 victoriana,
1111 1833 1173 1872 cum
1192 1815 1232 1872 ad
1251 1834 1298 1872 cos

220 1893 333 1950 laurum
359 1890 501 1949 oratricem
526 1892 635 1959 tulerit,
670 1912 754 1969 quom
780 1894 809 1952 in
835 1890 969 1970 capitolio
994 1892 1126 1949 debuerat
1150 1891 1298 1970 deponere.

221 1971 317 2028 Recte
330 1984 404 2045 ergo
416 1968 446 2025 in
461 1969 558 2027 Plinio
571 1971 714 2046 scriptum
729 1973 778 2039 15,
792 1973 833 2029 30
846 1968 928 2044 (40).
968 1968 1074 2028 Fasces
1092 1968 1299 2049 Imperatorum

98 2042 103 2054 ’
221 2049 321 2106 laumas
344 2046 482 2106 decorat:
502 2067 540 2106 ac
551 2047 598 2106 lais
610 2049 639 2108 in
652 2047 860 2126 gremio-Iocis
875 2046 984 2126 Optimi
998 2045 1126 2108 Matimi
1138 2049 1297 2127 martur,

221 2125 349 2204 quotiens
362 2124 491 2184 luendam
508 2146 578 2185 noca
598 2125 717 2185 victoria
738 2126 855 2193 adtulit,
874 2143 931 2184 nec
950 2135 1034 2183 recte
1049 2125 1172 2184 mumvit
1191 2127 1298 2186 alibro

221 2213 333 2274 vetere,
347 2213 382 2260 ut
392 2202 442 2272 ait,
456 2204 500 2263 vir
514 2204 632 2275 doctus,
646 2204 750 2264 erlino
763 2205 792 2265 in
802 2201 922 2284 gremio.
962 2203 1108 2262 Senecam
1127 2205 1207 2282 turpi
1226 2216 1300 2264 nota

221 2281 396 2340 deformavit
419 2282 600 2360 quicumque
619 2283 729 2342 nebulo
742 2282 862 2360 ignarus
882 2281 972 2359 hujus
992 2280 1075 2340 ritus.
1115 2283 1238 2344 Consul.
1257 2281 1298 2347 aa

221 2359 335 2418 Elbiem
350 2377 378 2419 c.
398 2363 444 2420 10.
484 2361 601 2419 Scilicet
624 2362 717 2420 minus
740 2362 819 2420 beate
838 2360 948 2419 sinebat
969 2360 1105 2419 Dictator
1126 2371 1229 2432 maer,
1248 2363 1300 2441 qui

223 2438 382 2498 Samnitum
394 2437 506 2516 legatos
526 2436 629 2510 audiit,
650 2459 715 2498 cnm
731 2439 898 2499 vilissimum
916 2438 1007 2498 cibum
1020 2439 1050 2497 in
1057 2441 1134 2517 foco
1147 2461 1232 2499 manu
1244 2454 1297 2499 sue

221 2525 354 2586 tonaret,
369 2515 428 2586 tta,
444 2538 500 2595 quo
513 2525 573 2576 tarn
592 2539 667 2598 soepc
686 2517 792 2577 hosen
809 2529 998 2598 percusserat,
1014 2519 1176 2596 lancemque
1187 2518 1219 2577 in
1237 2519 1298 2578 Cn-¹

216 2595 333 2676 pitolini
352 2594 435 2656 donis
459 2597 571 2675 gremio
589 2606 769 2674 reposuerat,
798 2615 880 2673 wana
900 2595 1021 2672 Apicius
1043 2609 1144 2665 naama
1162 2595 1296 2657 memoria

221 2675 298 2745 aicit,
313 2675 369 2752 qui,
383 2687 437 2733 etc.
452 2685 483 2732 et
502 2674 666 2733 molestiam
681 2675 792 2752 objecit
806 2673 972 2752 quaerendae
991 2674 1095 2745 lancis,
1109 2695 1199 2753 quam
1211 2695 1299 2733 num·

222 2771 310 2829 qnam
323 2752 463 2810 invenies.
490 2753 573 2812 Libri
587 2753 910 2831 aliquotlonecamque.
938 2751 1084 2822 limando,
1093 2751 1296 2833 laureamque:

220 2831 370 2890 verusime
384 2830 516 2890 adhunc
529 2831 669 2909 triumphi
683 2845 806 2902 morem,
821 2831 977 2910 sequentia
988 2830 1077 2890 fflam
1090 2831 1197 2904 scribe,
1208 2855 1295 2911 mam

221 2909 337 2988 Apicius
350 2922 447 2968 nostra
460 2909 593 2969 memoria
607 2909 689 2977 uicit,
704 2929 764 2968 non
777 2909 865 2969 aicit:
887 2920 918 2967 et
931 2909 1078 2968 sententia
1097 2910 1191 2968 omnis
1205 2913 1294 2971 clara.

221 2987 269 3044 Ne
292 2987 414 3056 haereas,
428 2987 590 3046 simillimus
604 2987 642 3046 de
655 2986 759 3045 iisdem
779 2987 920 3046 Fabriciis
940 2986 1141 3064 panegyristae
1162 2990 1293 3066 (Pacati)

222 3083 248 3124 c.
257 3070 287 3124 9.
300 3065 384 3124 locus
395 3065 580 3124 Laudatione
594 3065 754 3140 Theodosii
771 3065 864 3133 Curii,
879 3065 1060 3135 Coruncanii,
1074 3065 1216 3135 Fabricii,
1231 3087 1294 3125 cum

221 3143 346 3202 inducite
367 3141 440 3201 bella
462 3145 674 3222 suspenderant,
699 3144 772 3204 inter
797 3153 896 3202 aratra
916 3143 1065 3202 oioebontr
1089 3151 1126 3212 et,
1150 3165 1186 3202 ne
1205 3145 1295 3206 virtus

219 3225 314 3300 quiete
331 3220 531 3300 languesceret,
554 3224 576 3280 d
609 3221 686 3281 ositis
709 3222 737 3282 in
755 3226 865 3302 gremio
892 3220 1051 3299 Capitolini
1071 3221 1154 3280 Jonis
1175 3221 1294 3295 burcis,

168 3310 175 3336 ‘
220 3297 403 3376 triumphales
416 3299 472 3357 oiri
484 3244 702 3361 rnsdciiantur.
741 3301 804 3362 Sed
818 3311 849 3358 et
865 3300 967 3359 laurea
980 3297 1069 3358 etiam
1082 3298 1217 3378 deposita
1229 3299 1293 3362 sine

218 3380 300 3456 justo
313 3376 478 3456 triumpho:
501 3391 534 3437 ut
554 3379 583 3436 in
604 3380 726 3438 Sueten.
742 3379 857 3438 Domit.
872 3383 900 3440 6.
940 3379 992 3438 De
1006 3379 1148 3438 sarnam
1164 3378 1293 3442 lauram

219 3457 300 3514 modo
319 3455 389 3518 Jooi
409 3455 569 3534 Capitolino
591 3457 709 3517 rettulit.
750 3460 886 3536 Itemque
910 3459 1007 3529 Nero,
1029 3459 1068 3517 ob
1097 3458 1237 3518 Tiridatis
1260 3461 1292 3518 in

220 3535 324 3592 urbem
338 3533 496 3594 adventum
504 3537 668 3614 Imperator
679 3535 880 3608 consalutatio,
890 3538 987 3598 murco
998 3536 1028 3598 in
1039 3537 1211 3620 Capitolium
1218 3537 1290 3609 lata,

218 3612 250 3670 in
264 3613 369 3672 eodem
380 3612 522 3674 Suetonio
535 3633 562 3674 c.
575 3619 619 3673 13.
1239 3617 1242 3620 ’
