3034 4967
534 269 595 330 An
617 265 776 356 Annas.
797 269 875 329 trs.
896 265 966 328 ΧΠ.
1234 262 1289 324 ras

219 437 379 509 curatores,
394 437 521 506 Claudii,
535 453 583 495 me
593 435 706 514 judice,
720 434 977 496 accommodamus
989 431 1286 523 edictumjubentis,

218 531 252 578 ut
263 521 294 578 in
303 518 459 598 provinciis
468 537 569 577 eornm
579 515 700 576 decreta
707 516 830 594 perinde
838 525 903 573 rats
910 512 967 570 sint
976 532 1012 572 sc
1021 512 1045 570 si
1055 512 1118 588 ipse
1126 521 1287 572 statuisset.

216 599 295 658 Nam
309 599 345 658 ad
358 595 463 656 fiscum
477 597 571 656 solum
584 595 609 653 si
623 607 716 672 aptae,
732 594 804 672 quid
817 594 870 651 fiet
883 591 1086 651 communibus
1100 601 1131 650 et
1143 591 1203 651 late
1214 611 1287 651 con·

218 677 311 756 ceptis
321 677 450 736 Cornelii
464 675 582 735 verbis?
604 675 724 744 Rerum,
737 673 842 751 inquit,
857 693 875 730 a
888 671 1126 730 Procuratoridas
1137 673 1286 748 suisjudi·

218 771 366 817 catarum:
383 755 552 834 pariterque
566 751 717 811 indefinite
731 751 840 810 extulit
850 749 1038 828 Tranquillus
1051 749 1157 810 Claud.
1169 755 1214 811 12.
1223 774 1287 832 quar

217 835 423 898 Procuratores
445 835 491 893 sui
513 835 540 892 ia
555 831 717 910 judicanda
740 841 905 890 statuerent.
945 829 1034 888 Adde
1056 831 1285 909 subsequentem

218 934 334 973 omnem
345 913 442 972 Taciti
456 913 635 972 orationem:
649 907 774 982 videbis,
787 929 846 968 non
857 907 938 967 aliud
951 927 1019 966 eum
1032 908 1187 986 indignari,
1197 931 1285 990 quam

217 993 297 1072 quod
308 991 474 1070 jurisdictio
488 990 705 1050 communicata
723 1009 791 1047 cum
809 987 964 1066 Equitibus
977 997 1009 1045 et
1023 987 1152 1048 libertis:
1174 991 1286 1070 dequo

217 1073 306 1131 toties
320 1073 396 1129 inter
410 1071 527 1129 ordines
540 1069 610 1128 olim
624 1080 770 1127 certatum
787 1067 932 1125 seditione
952 1076 1005 1124 aut
1025 1068 1112 1126 armis
1133 1081 1205 1129 erat.
1245 1077 1286 1130 At

217 1153 438 1221 Procuratores,
466 1149 517 1228 qui
538 1148 580 1208 rei
601 1147 734 1206 familiari
755 1158 868 1206 tantum
889 1144 1028 1224 impositi,
1048 1147 1099 1226 qui
1119 1149 1149 1208 in
1169 1150 1287 1228 provin-

217 1231 270 1289 ciis
297 1229 509 1290 Proconsulum
529 1239 581 1288 aut
600 1227 782 1304 Legatorum
804 1225 890 1303 plane
910 1224 1016 1302 privati
1040 1232 1161 1299 erantt,
1190 1242 1220 1288 et
1243 1231 1286 1287 in·

216 1311 300 1387 signe
318 1310 347 1366 in
368 1327 420 1366 eos
441 1307 610 1385 exemplum
631 1326 649 1364 a
669 1305 790 1364 Tiberio
810 1304 932 1376 editum,
953 1305 991 1362 de
1011 1324 1070 1382 quo
1092 1306 1153 1366 Dio
1173 1312 1222 1378 57,
1237 1314 1287 1372 23.

215 1386 381 1459 Καπίτωνα,
394 1385 440 1447 σὸν
450 1385 498 1461 τὴν
507 1382 605 1446 Ἀσίαν
616 1385 833 1466 ἐπιτροπεύοντα,
843 1383 880 1451 εἰς
893 1383 923 1443 rd
936 1382 1071 1464 muctam
1085 1386 1225 1467 ἐσήγαγε,
1239 1389 1287 1450 καὶ

217 1466 381 1546 ἐγκαλέσας
396 1465 481 1548 αὐτῷ,
492 1461 531 1526 ὅτι
544 1460 894 1560 σσροιτιώσαιςέχρήσοισο,
908 1462 954 1521 καὶ
964 1460 1045 1523 ἄλλα
1058 1464 1131 1534 rauci,
1145 1465 1286 1550 ὠςοὶρχὴν
1305 1524 1307 1527 .

217 1545 306 1626 ἔχων,
319 1545 443 1624 ἔπραξεν,
458 1544 652 1625 ἐφυγάδευσεν.
683 1543 724 1602 Ου’
734 1565 793 1623 γαρ
805 1541 867 1618 ἐξῆν
879 1539 941 1602 ro'rs
954 1545 1007 1612 σοῖς
1022 1542 1060 1604 roi
1072 1543 1289 1628 airauparopmd

213 1627 357 1724 χρήματα
378 1624 490 1686 iactarier
512 1621 596 1684 πλέον
617 1621 691 1684 οὐδὲν
710 1625 804 1688 ποιεῖν,
823 1619 906 1694 iscis
925 1621 1121 1701 νενομισμένας
1140 1627 1287 1707 προσόδους

218 1705 355 1783 ἐνλεγειν,
370 1701 416 1762 καὶ
430 1705 489 1786 περὶ
504 1703 558 1762 τῶν
573 1703 705 1782 διαφορῶν
719 1697 747 1760 ἔν
761 1720 790 1758 σε
802 1701 837 1763 ri
849 1702 945 1782 ἀγορᾷ
957 1701 1004 1761 καὶ
1022 1702 1098 1763 κατὰ
1112 1703 1172 1774 σούς
1188 1705 1285 1786 νόμους

215 1783 248 1860 ἐξ
261 1780 320 1841 ἴσον
333 1786 386 1850 σοῖς
402 1782 519 1850 ἰδιώταις
534 1781 711 1861 δικάζεσθαι.
751 1784 791 1840 Et
804 1765 926 1837 Tacitus
941 1784 975 1839 A.
987 1785 1017 1849 4,
1034 1785 1081 1842 15.
1114 1784 1289 1848 Procurator

216 1863 299 1920 Asiae
313 1862 444 1921 Lucilius
460 1860 570 1940 Capito,
591 1869 740 1919 accusante
756 1857 912 1938 provinus,
936 1880 1064 1918 caussam
1077 1862 1163 1932 dicit,
1183 1886 1287 1943 magua

218 1962 280 2000 curu
294 1938 503 2000 adseueratione
517 1939 673 2016 Principis,
693 1959 745 1996 aaa
759 1959 790 1996 se
799 1939 854 2016 jus
872 1937 925 1995 uisi
942 1938 972 1996 iu
988 1939 1100 2000 seruitio
1113 1951 1141 2000 et
1151 1944 1288 2022 pecunias

209 2021 377 2098 familiares
397 2017 523 2078 dedisse:
545 2017 663 2096 quodsi
683 2017 737 2076 viru
753 2015 897 2094 Praetoris
917 2032 1089 2154 usuqoassea
1108 2022 1288 2102 manibusque

216 2101 338 2158 militum
348 2099 506 2174 ususforet,
516 2110 613 2175 spreta
624 2097 651 2156 in
662 2118 693 2154 ec
704 2096 836 2155 mandam
846 2116 919 2154 sua.-
935 2119 972 2156 au
993 2097 1065 2157 irent
1073 2101 1174 2160 socios.
1195 2103 1286 2162 Plane

218 2198 290 2257 ergo
301 2177 422 2256 privati;
440 2187 511 2236 tunc
523 2175 651 2254 quidem.
688 2176 764 2234 Nam
773 2185 878 2254 postes
888 2177 937 2252 jus
950 2189 1132 2254 acceperunt
1142 2179 1180 2241 de
1193 2180 1286 2241 fiscali

216 2259 319 2316 saltem
339 2257 496 2336 pecunia†
521 2257 730 2331 cognoscendi,
754 2267 788 2313 ut
807 2256 977 2332 praemonui.
1014 2255 1109 2335 quue
1122 2258 1183 2320 Dio
1196 2260 1286 2320 etiam

216 2336 422 2412 adsignificans
441 2335 490 2404 ait,
511 2340 540 2396 cd
554 2333 613 2416 γὰρ
627 2334 690 2410 ἐξῆν
703 2333 773 2394 ro'rs.
815 2333 857 2390 Hi
878 2335 1055 2412 posteriores
1075 2339 1287 2402 Ptocumroms

217 2415 301 2472 multi
329 2424 422 2482 erant,
450 2423 480 2472 et
506 2414 598 2504 sparsi
624 2432 677 2491 per
704 2412 869 2491 provincias
896 2433 1014 2472 omnes:
1053 2415 1103 2484 illi,
1132 2420 1287 2494 pauciores

216 2492 434 2572 dignioresque.
486 2492 546 2552 Dm
573 2492 715 2570 excipuas
746 2492 855 2551 habere
884 2493 1093 2552 l‘roconsulem
1120 2498 1285 2573 provincias

216 2572 331 2631 videtur
346 2573 382 2631 ab
397 2571 647 2631 administratione
661 2573 899 2631 Procuratorum.
939 2572 1034 2630 Addit
1048 2573 1125 2631 enim
1143 2575 1182 2636 ad
1196 2579 1286 2638 verbs

215 2655 264 2716 53,
283 2657 327 2713 15.
341 2669 407 2730 quae
424 2671 523 2729 supra,
543 2649 618 2727 artis
635 2650 759 2712 aaran
772 2647 834 2719 σούς
852 2649 946 2732 φόροις
960 2653 982 2711 oi
999 2650 1154 2714 ἅνθῦσασοι
1167 2656 1233 2738 παρ’
1248 2656 1286 2717 ὦν

216 2724 350 2810 ἄρχουσιν
369 2729 592 2811 ἐπράσσονσινε
615 2731 697 2809 quasi
709 2729 904 2790 Proconsules
919 2730 1030 2789 reditus
1045 2732 1218 2811 collegerint
1230 2735 1284 2814 ipsi

214 2803 245 2866 in
261 2808 416 2888 provinciis
430 2808 500 2870 suis.
540 2809 669 2869 Fallacia
683 2811 783 2881 verba,
803 2829 868 2887 quac
882 2809 976 2867 virum
991 2809 1112 2872 doctum
1125 2832 1221 2891 nuper
1239 2816 1284 2873 in-

217 2887 377 2958 duxerunt,
398 2907 457 2946 non
471 2906 530 2947 me.
569 2887 739 2948 Plenissime
754 2889 831 2948 enim
847 2888 875 2944 in
890 2889 1100 2949 Proconsulum
1114 2891 1201 2950 ctiam
1216 2914 1284 2971 pro-

217 2966 319 3036 vinciis
329 2969 549 3028 Procuratores.
580 2967 640 3027 Dio
654 2966 717 3046 ipse
731 2967 839 3041 docet3
854 2965 901 3035 Ἐς
913 2966 1015 3038 adura,
1030 2970 1173 3048 inquiens,
1186 2969 1285 3050 ipsius

216 3041 254 3103 σοὶ
265 3045 332 3119 ἔθνη
344 3067 375 3104 σε
389 3048 486 3108 ἑαυτοῦ
499 3047 546 3107 καὶ
559 3046 596 3106 roi
608 3045 656 3107 rori
668 3046 751 3125 δῆμον.
783 3045 875 3124 Atqui
889 3045 1047 3125 provinciae
1059 3069 1160 3107 omnes
1170 3052 1212 3110 Po
1235 3051 1284 3121 uli,

217 3125 538 3186 Proconsulumfuere.
578 3126 722 3204 Ulpianus
732 3125 807 3184 item
824 3131 850 3186 l.
864 3127 892 3184 9.
908 3125 945 3182 de
960 3124 1018 3186 Off.
1031 3128 1171 3188 Procons.
1201 3072 1285 3202 Aiane,

216 3201 321 3281 inquit,
340 3203 365 3262 si
370 3205 486 3280 fiscalis
493 3205 659 3284 pecuniaria
673 3225 758 3264 causa
770 3207 818 3274 sit,
832 3226 899 3284 quea
912 3204 952 3262 cd
963 3205 1183 3269 Procuratorem
1197 3210 1286 3269 Priu-

210 3283 288 3358 ¹cipis
309 3283 432 3362 respicit,
456 3283 555 3342 melius
567 3285 675 3363 ficerit
689 3284 715 3342 si
732 3303 762 3342 se
782 3284 937 3343 abstineat:
959 3288 1042 3361 cujus
1063 3307 1138 3346 vans
1154 3300 1184 3347 et
1204 3289 1286 3350 irrita

217 3360 348 3432 monitio,
369 3363 436 3420 siin
451 3363 663 3422 Proconsulum
681 3363 838 3442 provinciis
862 3364 1071 3424 Procuratores
1089 3367 1170 3426 nulli.
1211 3371 1286 3436 Quae

218 3459 289 3516 ergo
304 3439 409 3499 Dionis
423 3443 579 3501 verborum
592 3461 662 3502 vera
675 3462 756 3500 mens
770 3448 780 3500 i
801 3444 868 3501 Non
882 3440 949 3511 alia,
960 3464 1047 3521 quam
1059 3446 1285 3508 Procuratorem

215 3519 248 3575 in
267 3517 330 3578 aliis
373 3519 471 3580 uidem
492 3521 648 3599 provinciis
669 3541 770 3580 omnes
790 3521 901 3579 reditus
923 3522 1074 3601 colligere,
1095 3525 1165 3603 quia
1183 3547 1286 3588 omnes

218 3597 340 3656 Caesaris
352 3540 477 3678 dacique
491 3611 577 3668 sunt;
597 3611 628 3658 at
641 3600 670 3657 in
682 3599 943 3659 Proconsularibus
957 3621 1015 3660 non
1027 3606 1286 3684 omnes,qu0niam

217 3676 373 3753 vectigalia
385 3686 400 3753 ξ
427 3678 562 3757 quadam
585 3692 684 3738 vetera
711 3679 774 3756 ipse
798 3679 959 3738 Proconsul
983 3681 1105 3762 colligat
1127 3685 1157 3742 in
1180 3684 1285 3762 Populi

217 3756 351 3814 aerarium
365 3776 509 3834 usumque
520 3758 673 3817 mittenda.
706 3757 829 3818 Dictum
842 3757 922 3826 satis,
932 3759 956 3816 si
967 3760 1061 3830 addo;
1076 3763 1285 3822 Procuratores

216 3834 306 3892 solius
319 3834 372 3904 rei,
388 3836 558 3897 Rationales
572 3849 676 3916 postea
692 3837 799 3907 dictos,
817 3847 881 3895 uta
896 3837 1040 3914 prioribus
1054 3841 1110 3899 illis
1124 3841 1285 3920 distingue·

216 3923 332 3981 rentum
360 3916 496 3990 quoniam
521 3916 562 3972 illi
591 3916 817 3995 Rempublicam
844 3915 944 3987 etiam,
973 3919 1003 3976 hi
1024 3920 1115 3978 solam
1142 3919 1285 3998 privatam

216 3991 394 4062 tractabant,
405 3995 592 4071 rationesque
605 3995 738 4072 pecuniae
752 3994 930 4072 principalis.

249 4173 262 4198 '
280 4172 345 4218 Ante
356 4173 486 4220 Claudium
498 4175 606 4235 quidemr
623 4190 679 4222 narn
686 4183 769 4238 postea
779 4178 920 4238 ampliatum
931 4183 954 4224 et
965 4180 1119 4243 ittarumjas.

214 4299 229 4344 l.
241 4237 265 4347 ἐν.
277 4237 556 4362 dlgtgaffpcralquqgcrgniabia,
566 4240 592 4286 rte
598 4241 742 4300 plagiariir;
755 4256 784 4288 es
795 4243 921 4290 cantuset.
929 4245 994 4303 Imp.
1003 4245 1044 4291 M.
1052 4246 1178 4293 Antonini.
1188 4247 1285 4310 emus.

212 4365 263 4482 sss
282 4365 345 4476 Qulsa
360 4368 544 4478 tppeqlvidetur
562 4369 679 4418 sustulisse
696 4371 840 4419 Theodosius
856 4379 879 4418 et
895 4372 919 4418 in
936 4374 1017 4420 fiscum
1034 4389 1104 4423 suum
1121 4377 1221 4427 vnisse
1238 4375 1284 4425 vid·

222 4437 324 4491 ‘ymmac
332 4445 348 4478 1.
396 4439 430 4486 ,5
448 4464 455 4477 .

1029 4555 1088 4608 sr‘t
