3034 4967
213 242 252 301 as
475 234 583 297 turn
603 235 739 299 Aonio.
762 236 971 301 vrrrscrr.
996 243 1039 303 u.

216 412 320 465 erant:
344 400 423 465 ratio
437 414 469 464 et
482 402 653 465 constantia
666 402 766 465 Ducis
780 402 957 468 transvexit.
1001 400 1161 489 Depositis
1173 400 1273 465 omni-

218 485 279 549 bus
301 484 436 567 sarcinis,
461 484 639 549 lectissimos
661 485 870 564 auxiliarium,
896 487 1012 574 quibus
1034 499 1109 551 nota
1129 485 1220 563 vada,
1241 500 1274 549 et

217 570 338 669 patrius
352 567 446 633 nandi
460 592 547 648 usus,
562 592 627 657 quo
639 570 731 635 simul
746 595 840 659 seque
854 587 886 639 et
899 595 985 638 arma
998 589 1030 637 et
1082 595 1139 637 uos
1148 584 1274 655 regunt,

217 666 263 719 sta
282 668 408 739 repente
428 652 555 733 inmisit,
571 670 608 719 ut
629 656 835 743 obstupefacti
853 656 967 733 hostes,
982 596 1196 743 quieilassem,
1218 654 1275 740 qui

218 762 323 816 naveS,
339 738 393 825 qni
408 762 492 803 mare
506 740 734 825 exspectabant,
750 740 827 805 nihil
835 741 968 805 arduum
981 758 1036 806 aut
1050 742 1200 804 invictum
1212 763 1277 803 cre

69 831 71 835 ’
165 872 168 877 ,
218 824 354 889 diderint
369 822 465 897 sicad
481 825 596 890 bellum
609 824 812 889 venientibus.
858 827 910 889 Ita
923 826 1019 912 petita
1029 849 1116 913 pace,
1125 849 1160 889 ac
1170 824 1277 888 dedita

218 908 330 984 insula,
347 908 448 971 clarus
469 934 504 973 ac
520 932 651 995 magnus
665 909 818 991 haberi'A
844 908 954 984 ricola3
978 911 1096 997 quippe
1110 909 1160 973 cui
1176 910 1278 993 ingre-

220 993 315 1056 dienti
338 993 538 1078 provinciam,
553 989 639 1079 quod
662 1010 786 1081 tempus
807 934 859 1058 alii
880 1016 936 1081 per
958 996 1205 1080 ostentationem,
1221 1007 1276 1057 aut

220 1077 389 1141 officiorum
402 1078 562 1155 ambitum,
574 1078 760 1163 transigunt,
776 1080 863 1143 labor
873 1095 905 1144 et
918 1080 1090 1167 periculum
1102 1078 1275 1163 placuisset.

133 1172 136 1179 '
222 1164 289 1226 Nec
305 1161 463 1248 Agricola,
477 1163 680 1251 prosperitate
696 1188 799 1227 rerum
821 1164 854 1227 in
868 1166 1034 1228 vanitatem
1052 1187 1136 1241 usus,
1152 1162 1277 1254 expedi-

219 1247 335 1311 tionem
349 1262 404 1311 aut
418 1247 577 1313 victoriam
592 1248 731 1327 vocabat,
749 1250 843 1313 victus
856 1249 1058 1313 continuisse:
1079 1271 1118 1312 ne
1131 1246 1277 1311 laureatis

244 1332 355 1399 uidem¹
366 1336 454 1417 gesta¹
471 1350 654 1419 prosecutus
675 1348 739 1397 est:
764 1334 818 1397 sed
840 1334 907 1420 ipsa
921 1331 1163 1398 dissimulatione
1184 1333 1278 1406 famae

186 1500 193 1510 .
220 1355 336 1512 damam
355 1418 453 1497 auxit,
476 1418 710 1497 aestimantibus,
734 1431 853 1504 quanta
876 1418 977 1483 futuri
1003 1442 1058 1505 spe
1079 1432 1145 1483 tam
1165 1439 1280 1503 magna

223 1516 375 1566 tacuisset.
1058 1534 1064 1545 ·

274 1586 374 1649 XIX.
399 1586 546 1655 Ceterum
568 1589 742 1652 animorum
764 1589 931 1675 provinciae
953 1588 1101 1674 prudens,
1125 1582 1307 1683 simulques
1330 1583 1341 1650 ζ

224 1671 338 1734 doctus.
354 1694 410 1757 per
431 1671 530 1736 aliena
552 1674 773 1762 experimenta,
796 1696 909 1760 parum
933 1673 1041 1759 profici
1062 1672 1165 1748 armis,
1188 1671 1213 1733 si
1235 1666 1289 1735 m-¹
1329 1679 1344 1710 ³

219 1756 313 1853 juriae
335 1767 548 1853 sequerentur,
563 1780 685 1821 caussas
706 1757 858 1821 bellorum
882 1752 991 1821 statuit
1005 1757 1156 1822 excidere.
1200 1758 1233 1819 A
1249 1778 1291 1825 se,

122 1893 123 1897 ,
223 1863 348 1926 suisque
369 1864 472 1938 orsus,
490 1864 622 1926 primam
637 1840 767 1905 domurn
784 1866 873 1906 suam
887 1842 1042 1939 coercuitj
1058 1841 1154 1939 'quod
1174 1839 1281 1927 pleris-
1383 1890 1389 1895 .

224 1948 286 2073 pue
314 1924 400 1989 haud
432 1947 536 1989 minus
571 1926 706 1990 arduum
735 1940 791 2004 est,
821 1950 916 2014 quam
945 1949 1135 2013 provmcram
1164 1932 1281 2009 regere.

162 2014 165 2021 '
257 2032 330 2093 gere
348 2008 426 2073 nihil
447 2033 502 2096 per
520 2010 648 2075 libertos
667 2034 831 2097 servosque
852 2010 987 2098 publicae
1000 2010 1065 2074 rei:
1089 2032 1151 2074 non
1172 2006 1284 2073 studiis

225 2093 365 2181 privatis,
387 2117 443 2159 nec
465 2118 504 2159 ex
526 2095 803 2189 commendatione,
818 2107 874 2159 aut
895 2096 1039 2182 precibus
1054 2095 1289 2174 Centurionum⁴

227 2342 335 2391 sehabet
351 2338 479 2402 vulgatum.
524 2332 563 2389 De
578 2334 744 2405 supplemento
772 2341 847 2405 potius
863 2340 980 2401 dicuntur,
997 2356 1068 2404 quam
1081 2342 1193 2401 exeundi,
1209 2354 1286 2404 quan-

228 2406 339 2468 oogitarat
371 2405 479 2460 Pichena,
509 2404 539 2453 de
565 2405 739 2469 transpositione
770 2406 959 2463 tumobsarvavi,
976 2414 1075 2453 veterem
1091 2406 1283 2467 leodonemprae-

228 2484 291 2517 more
302 2484 344 2516 sno
354 2469 482 2516 Acidnlius.
772 2470 832 2525 tuli;
850 2485 902 2532 que
913 2478 936 2517 et
946 2469 1088 2531 preferenda
1099 2477 1154 2526 eret
1166 2470 1186 2516 si
1201 2469 1226 2515 in
1242 2468 1287 2515 bac

262 2534 421 2595 obstupefacti
431 2534 517 2596 bones]
536 2532 619 2586 Credo,
628 2533 652 2580 in
661 2534 739 2581 animo
770 2549 863 2596 quoque
874 2534 948 2580 forma
959 2533 1087 2595 promiscue
1096 2542 1221 2595 utrumqne
1234 2547 1287 2578 ter·

227 2596 334 2645 habuisse
349 2598 426 2643 locum
438 2595 501 2643 Livii
514 2602 538 2654 2,
554 2600 588 2645 10.
606 2600 739 2659 ipromtra·
772 2600 830 2644 bum
840 2597 959 2644 diceretur.
984 2597 1164 2653 nudantis,
1178 2599 1214 2645 lb.
1240 2596 1296 2643 Ge·-

229 2662 389 2707 culouudaciae
400 2662 547 2724 obstupeficit
557 2662 639 2709 butten
672 2660 740 2717 Adde
772 2670 847 2708 terum
864 2670 949 2708 veteres
964 2660 1017 2707 libri
1032 2661 1086 2708 inde
1101 2676 1116 2708 a
1132 2661 1209 2707 Rhan.
1220 2660 1289 2706 mule

228 2724 370 2772 infrac2b.
402 2725 474 2771 Eure.
773 2724 940 2787 interpungnnt
949 2734 1001 2787 post
1011 2740 1085 2772 creua
1113 2724 1174 2771 Mox
1185 2726 1288 2771 coercuit

264 2790 311 2845 Qut
320 2792 385 2835 more
397 2790 568 2853 aspectabant]
586 2788 659 2836 Ludit
669 2788 740 2836 Taci-
773 2798 808 2835 est
815 2791 845 2836 ab
852 2788 960 2839 Rhenani
967 2790 1112 2836 correctione.
1139 2788 1184 2835 Ed.
1195 2786 1285 2835 Puteol.

229 2860 275 2904 tus,
286 2861 313 2899 ut
323 2853 386 2905 solet,
396 2866 443 2899 uno
450 2848 519 2900 'verbo
527 2854 617 2900 duabus
628 2845 741 2915 signilica-
774 2854 842 2901 habet
852 2861 953 2911 coenant,
970 2852 1024 2901 Ber.
1038 2855 1073 2913 (et
1082 2851 1148 2915 Alc)
1161 2857 1286 2899 coerceant.

230 2916 332 2963 tionibus
343 2916 492 2977 respondente
500 2918 633 2964 nominibus
641 2917 744 2965 diversis.
775 2916 865 2964 Omnes
876 2926 953 2964 autem
965 2926 1051 2964 veteres
1060 2920 1174 2979 primom,
1187 2916 1248 2979 quod
1260 2923 1289 2962 ut

234 2980 689 3042 Qutcluserunqutrruueeeuepcctobont,
701 2989 742 3039 cst,
774 2980 902 3042 elegantius
912 2981 994 3028 merito
1004 2980 1094 3027 reduxi.
1127 2982 1287 3029 Primumre-

230 3044 271 3107 qui
282 3046 395 3107 putabant
405 3060 526 3107 nunquam
536 3046 593 3097 fore,
604 3053 631 3092 ut
641 3044 742 3092 Romani
774 3046 824 3107 peri
831 3045 925 3091 demum
932 3045 956 3091 in
966 3044 1001 3091 ed
1011 3045 1111 3091 Gronov.
1119 3043 1200 3105 patris.
1216 3044 1290 3089 Ean.

230 3117 322 3171 possent
332 3124 370 3157 eos
380 3108 474 3170 aggredi
485 3110 533 3157 sine
544 3110 621 3166 classe,
634 3116 674 3154 aut
685 3124 743 3171 qua-
776 3109 867 3155 Notant
878 3110 932 3172 Bip.
944 3109 968 3155 iu
978 3108 1013 3155 cd.
1023 3107 1070 3155 arf.
1087 3112 1157 3155 154¹).
1168 3106 1197 3153 ad
1209 3122 1289 3153 exem-

230 3172 500 3234 libuscumquenavibus
537 3174 743 3233 Qutrnoreenspe-
774 3174 825 3235 plat
833 3173 1033 3230 Rhenanirecusa,
1041 3171 1141 3234 reperiri.
1156 3170 1292 3219 Sed'Ilben.v

231 3237 331 3293 stabunt,
354 3236 396 3297 qui
419 3236 468 3284 sibi.
481 3244 649 3299 persuaserant,
666 3235 742 3299 ipsum
770 3238 964 3297 pttnmmhabet
998 3236 1038 3283 Ibi
1049 3251 1103 3297 ergo
1114 3236 1196 3282 vitium
1207 3249 1290 3297 opera·

230 3314 294 3347 mare
305 3312 345 3360 pro
356 3313 423 3345 muro
439 3300 494 3362 ipsis
504 3301 561 3357 fore,
573 3309 643 3361 atque
653 3311 744 3347 accessu
775 3315 828 3347 rum
840 3309 910 3353 extat,
922 3300 946 3346 in
959 3300 1007 3345 rrf.
1019 3298 1110 3346 acilium.

230 3363 399 3427 prohibiturum
411 3362 536 3410 Romanoa.
570 3362 662 3411 Gauri.
809 3366 884 3411 Natu
892 3378 936 3425 per
943 3365 981 3410 tu.
991 3379 1011 3409 e.
1018 3364 1173 3425 publicaret]
1186 3362 1290 3423 Intelligi

259 3428 745 3491 Nenureattaqmuemgeuasecuturae]
776 3428 857 3475 volunt
876 3442 953 3488 agere,
977 3428 1043 3487 cujus
1059 3427 1163 3489 ellipseos
1182 3426 1290 3487 exempla

231 3490 303 3537 intell.
316 3491 397 3546 literis,
407 3506 464 3552 quas
472 3493 572 3537 Rumam
580 3489 608 3537 ad
617 3489 744 3555 Imperato-
776 3492 878 3555 requiro*
907 3490 1036 3538 Groslotins
1054 3490 1189 3553 corrigebat,
1197 3491 1290 3551 publice

231 3570 281 3602 rem
290 3554 447 3615 Senatumque
457 3554 488 3601 de
498 3570 561 3601 more
570 3555 675 3601 mitteret
698 3557 747 3603 Ga·
773 3555 1064 3618 gcrt‚quodnonplacetr
1082 3555 1183 3601 activum
1194 3552 1292 3616 requiri·

231 3619 338 3667 dolonn
349 3620 743 3680 prorequbestornare,uttrium-
776 3629 820 3666 tur.
854 3621 935 3679 Agere
945 3618 1055 3665 excidisse
1070 3628 1146 3681 putes,
1158 3617 1222 3679 quod
1234 3630 1294 3670 mox¹

227 3684 277 3745 pbo
281 3684 400 3744 ponunt,
410 3691 432 3728 et
439 3682 529 3737 similia
553 3680 614 3729 Mox
620 3684 678 3729 bene
684 3698 745 3744 pun·
776 3683 884 3744 precedit
893 3698 980 3743 regere.
999 3682 1070 3729 Ean.
1091 3682 1153 3729 Cum
1162 3681 1217 3745 Bip.
1226 3680 1291 3727 lacu·-

231 3755 293 3794 ctum
305 3762 319 3793 a
330 3744 433 3793 Pichena
443 3745 530 3793 factum
541 3755 594 3809 post
604 3743 644 3793 eet·
672 3746 745 3796 Ean.
777 3762 832 3793 nam
841 3747 932 3809 explevi
943 3762 972 3793 ex
982 3754 1059 3793 mente
1072 3745 1186 3793 llbenani.

231 3808 271 3857 De
287 3812 399 3857 laureatis
415 3824 437 3857 v.
449 3818 471 3857 et
482 3810 516 3856 H.
530 3810 554 3871 3,
567 3810 606 3865 77·
617 3819 640 3857 et
655 3809 710 3858 Liv.
719 3814 743 3871 5,
812 3813 983 3859 Centurionum
989 3811 1088 3873 milites]
1097 3809 1194 3856 Sicedd.
1203 3823 1292 3856 omnes.

232 3876 271 3923 28.
284 3878 324 3927 45,
338 3874 357 3921 l.
777 3874 858 3933 Quod,
871 3883 898 3921 ut
912 3874 1058 3921 hauddubie
1074 3882 1218 3935 corruptum,
1229 3872 1292 3919 varie

266 3940 363 3986 Caunus
374 3940 484 3989 &Horum
498 3946 527 3986 st.
537 3936 653 3999 cecidere]
670 3941 744 3986 Ecci-
777 3947 867 3985 tentant
878 3938 920 3985 viri
937 3938 1006 3985 docti.
1039 3937 1183 3996 Boxbornio,
1198 3934 1294 3999 neganti

232 4004 286 4049 dere
302 4002 388 4049 habent
404 4002 458 4051 edd.
467 4011 521 4050 vett
538 4002 584 4049 nisi
593 4002 655 4065 quod
666 4002 745 4052 Aldus
777 4002 894 4049 adlocum
911 4002 970 4049 inter
983 4000 1229 4049 militesobtiuendnm
1241 4015 1293 4063 pre·
1338 3994 1347 4011 ‘

231 4067 353 4113 excindere
369 4065 439 4121 dedit,
455 4076 540 4114 temere
556 4065 619 4114 haud
636 4066 707 4113 dubie
722 4075 745 4113 et
776 4066 842 4113 cibus
858 4075 899 4113 aut
917 4066 1115 4113 commendatione
1133 4080 1191 4127 opus
1212 4064 1292 4121 fuisse,

231 4144 352 4192 operarum
361 4144 448 4177 errore:
466 4144 521 4177 nam
533 4130 609 4177 Rben.
621 4130 744 4177 editionem
776 4128 802 4175 J.
814 4130 853 4176 Fr.
867 4130 997 4176 Gronovius
1013 4128 1109 4192 opponit
1123 4130 1192 4175 verba
1205 4128 1292 4174 Varro·

232 4194 349 4256 expressit.
383 4194 417 4239 At
431 4190 744 4257 indeabipsioomneslra·
776 4193 812 4240 ni
824 4193 854 4240 L.
870 4197 893 4240 3.
906 4193 935 4240 de
949 4194 997 4241 vita
1008 4194 1067 4256 Pop.
1079 4193 1150 4239 Rom.
1166 4191 1228 4254 apud
1241 4190 1294 4237 No·

231 4258 287 4305 bant
297 4258 439 4313 traducere,
451 4257 513 4319 quod
529 4258 590 4305 unde
600 4257 695 4304 ductum
705 4256 743 4314 sit,
776 4256 857 4304 nium:
871 4258 1036 4319 Referentibus
1049 4257 1230 4305 centurionibus
1236 4255 1295 4301 ado-

214 4341 216 4346 ·
230 4322 313 4370 nesdu
341 4319 405 4379 Quia
415 4320 583 4383 tropusdnctus
591 4328 646 4368 esta
657 4322 743 4367 radici-
772 4324 871 4380 pruritu
879 4322 982 4369 cobortes
992 4323 1105 4377 subibant,
1113 4320 1291 4381 attemperple·

232 4386 290 4443 burs
307 4385 344 4435 hta
355 4396 450 4451 autem,
468 4394 495 4435 ut
512 4393 535 4433 et
552 4386 650 4444 arbores,
667 4385 744 4432 accidi
774 4392 890 4433 mearent
896 4387 1085 4447 legionemque
1091 4386 1296 4447 Optumstutue-

874 4470 877 4479 ¹
1120 4459 1134 4494 Ι
