3034 4967
228 210 281 267 106
554 209 581 266 i.
604 209 719 268 LIPSII
740 213 953 273 EXCURSUS

748 449 782 504 B·
856 502 868 517 .

618 581 633 604 '
679 604 769 662 ene.
789 601 826 660 x.

263 748 389 806 Seneca
404 747 487 807 Sues.
502 754 525 806 l.
543 749 612 808 Cum
625 750 766 812 Antonius
777 753 860 810 nuos
874 773 903 810 se
914 752 1048 811 Liberum
1059 761 1167 830 patre-m
1178 756 1244 823 dici,
1258 764 1285 815 et

194 835 197 842 '
222 827 272 886 isoc
286 845 385 885 nomen
400 825 501 885 statuis
514 825 658 896 subscribi,
676 871 703 889 ..
719 875 726 890 .
741 844 925 889 occurrerunt
935 831 1056 890 uenienti
1069 833 1096 890 ei
1105 833 1285 893 Athenienses

221 925 281 964 cum
294 903 454 984 conjugibus
468 925 503 963 uc
515 904 620 974 liberis,
630 915 656 964 et
666 908 834 986 Dionysium
844 907 1044 968 salutaverunt.
1074 909 1215 981 Beneiilis
1227 932 1283 971 ces-

222 993 309 1052 serat,
326 983 353 1042 si
369 1003 454 1043 nasus
475 983 585 1042 Atticus
599 983 638 1043 iii
657 985 842 1045 substitisset.-
860 986 1000 1058 diserrsnt,
1019 989 1190 1068 despondere
1210 994 1283 1069 ipsos

224 1061 346 1136 (malim,
361 1065 374 1120 s·
406 1062 428 1138 i)
445 1061 478 1140 in
494 1063 698 1140 matrimonium
714 1064 876 1124 Mineruam
892 1065 1009 1126 Musam
1021 1088 1110 1140 suom,
1124 1078 1152 1126 et
1166 1090 1283 1159 rogaue-
1356 1096 1358 1099 ·

223 1149 300 1212 runt,
311 1151 341 1200 ut
375 1151 491 1212 sacrm,-
505 1151 532 1200 et
546 1142 688 1202 Antonius
703 1144 744 1202 nit
758 1143 914 1214 ducturum,
926 1146 977 1204 sed
988 1147 1061 1206 dotis
1074 1146 1182 1206 nomine
1194 1167 1283 1225 smm-

158 1245 161 1250 ·
221 1239 288 1278 rare
299 1239 330 1280 se
345 1219 403 1280 iilis
416 1219 489 1278 mille
509 1222 621 1280 talento.
664 1221 734 1280 Tum
752 1244 788 1280 ea·
803 1222 945 1282 Graeculis
959 1225 1073 1305 quidam
1085 1227 1127 1286 ait
1139 1267 1243 1285 ......
1256 1226 1282 1286 ⁴⁸.

221 1296 299 1357 Huic
311 1299 419 1379 quidem
433 1301 544 1379 impune
554 1301 627 1377 fui,
641 1302 691 1359 sed
704 1301 911 1361 Atheniensium
927 1302 1068 1382 sponsalia
1081 1303 1157 1364 mille
1169 1304 1283 1363 talentis

221 1376 360 1438 «estimato
373 1390 458 1445 sunt,·
470 1399 530 1456 qun
544 1398 603 1436 cnm
614 1379 806 1459 erigerentur,
821 1382 902 1439 multi
914 1381 1100 1442 contumeliosi
1112 1381 1199 1442 libelii
1213 1404 1283 1462 pro·

212 1455 306 1534 positi
318 1465 391 1526 suut,
404 1456 474 1515 sicut
482 1453 542 1527 ilie,
556 1459 601 1534 qui
614 1457 785 1538 subscriptus
797 1468 836 1518 est
849 1468 947 1518 statua
958 1464 1026 1539 ejus,
1038 1481 1099 1520 oum
1110 1462 1204 1520 codem
1215 1470 1283 1520 tun·

217 1553 289 1610 pore
302 1534 446 1600 Octauiam,
459 1555 574 1596 uuorem
589 1535 706 1598 liaberet,
715 1547 743 1596 et
764 1536 957 1629 Cieopatram:
980 1540 1044 1598 Hoc
1057 1549 1088 1598 tu
1106 1539 1190 1610 coita,
1205 1539 1283 1599 resti·

219 1622 292 1684 tuas,
308 1613 446 1672 ciuitate.
487 1613 614 1673 Primum
630 1614 802 1674 offendimus
820 1635 850 1673 in
870 1614 1006 1674 Minerva
1019 1618 1123 1686 Musa;
1143 1616 1281 1695 quoniam

219 1709 317 1769 neque
330 1692 388 1751 Dio
403 1695 512 1762 ‹18‚³9.
533 1694 664 1754 nominat
681 1695 711 1751 in
725 1694 782 1752 hac
795 1692 926 1764 historia,
947 1696 1063 1773 Ἀθηνᾶν
1077 1695 1188 1753 dixisse
1209 1715 1280 1775 cnu-

219 1781 339 1840 tentus;
357 1789 414 1831 nec
434 1791 598 1850 cognomen
616 1783 781 1832 nostrarum
800 1773 932 1832 Dearum
951 1773 1014 1832 scio
1033 1773 1104 1833 alies
1123 1773 1281 1834 adhmsisse

218 1849 371 1912 Minervae.
411 1849 528 1929 Itaque,
549 1851 671 1928 inducta
691 1869 726 1910 aa
739 1870 824 1922 voce,
844 1851 952 1921 scribo,
968 1853 1134 1912 Mineruam
1147 1855 1255 1928 masn†
1265 1879 1278 1922 ,·

218 1939 288 1987 nats
307 1928 364 1988 fuit
378 1948 417 1988 ex
438 1929 560 1988 confusa
572 1931 748 2008 repetitione
768 1929 873 1989 littera
892 1930 1033 2068 voebspue
1046 1930 1206 2023 sequentis.
1244 1931 1281 1990 In

113 2016 116 2022 ’
218 2026 332 2068 summa
345 2008 494 2088 discrepat
515 2007 593 2067 idem
615 2009 684 2080 Dio,
725 2009 754 2068 ui
778 2008 876 2071 musis
893 2007 980 2086 pupsd
994 2031 1029 2078 os
1051 2020 1207 2088 imperatos
1225 2027 1280 2088 pro

218 2085 288 2146 dote
302 2087 353 2158 ait,
375 2085 405 2146 id
426 2099 471 2146 est
486 2089 617 2146 Romano
637 2087 695 2144 ritu
744 2087 775 2144 S.
788 2086 972 2162 quadragies
1013 2087 1100 2148 Mille
1119 2099 1219 2149 eutem
1236 2099 1281 2148 ta·

218 2165 299 2225 lenta
313 2165 436 2226 Senecae
450 2163 548 2244 paullo
568 2164 663 2222 minus
677 2163 790 2222 faciunt
805 2163 957 2224 ducenties
972 2164 1168 2243 quadragies,
1193 2177 1281 2227 sesto

216 2255 300 2304 tanto
320 2244 491 2302 immaniore
509 2261 629 2300 summa.
671 2241 784 2300 Tamen
801 2261 863 2300 non
882 2252 976 2302 muto.
1016 2241 1147 2315 Graeeuli
1167 2247 1281 2322 jocum,

215 2324 265 2382 cni
280 2321 406 2402 spatium
420 2340 556 2391 vacuum,
570 2319 657 2378 doleo
670 2321 792 2389 abesse;
813 2332 846 2382 et
862 2321 1004 2380 Latinum
1023 2320 1179 2383 commode
1197 2323 1281 2383 resti·

216 2413 280 2473 tuo,
298 2400 420 2472 Octauio,
435 2421 480 2460 res
493 2409 556 2458 tuus
569 2398 622 2458 tibi
631 2399 710 2462 isaie.
752 2400 940 2480 Quicumque
954 2400 1013 2469 ille,
1028 2400 1152 2460 comiter
1163 2403 1280 2478 Jocntrrs

216 2491 321 2540 estex
343 2479 459 2558 divortii
481 2477 604 2538 Romani
624 2478 726 2538 forma.
769 2481 845 2538 Cum
864 2479 941 2538 enim
963 2478 1149 2556 Cleopatram
1169 2491 1281 2541 emeret

215 2560 395 2636 haberetque
409 2556 564 2628 Antonius,
579 2575 652 2616 ecee
665 2558 839 2635 subscripsit
850 2559 918 2626 iste,
932 2557 1015 2636 quasi
1028 2558 1147 2616 nomine
1161 2558 1281 2619 nasoni

214 2637 368 2698 Octaviam
383 2635 575 2714 repudiantis,
589 2638 713 2708 Octauia,
728 2655 774 2694 res
784 2647 846 2696 taos
856 2637 908 2696 tibi
917 2635 987 2696 iube
998 2643 1025 2709 1.
1065 2637 1140 2702 Quae
1149 2635 1281 2696 solennia

216 2717 246 2778 iu
265 2715 366 2776 libello
386 2713 502 2794 repudii
522 2715 613 2774 verba
633 2714 731 2784 fuisse,
751 2718 815 2792 jam
835 2727 948 2776 notum.
989 2713 1135 2792 Apuleius
1156 2715 1233 2774 Met.
1250 2718 1279 2775 ’5.

216 2807 283 2874 post
296 2793 375 2856 med.
418 2793 461 2852 Tu
476 2794 581 2872 quidem
602 2793 634 2852 ob
653 2796 727 2853 istud
743 2795 799 2870 (ito
820 2793 963 2872 emendo)
978 2803 1037 2852 tant
1056 2793 1147 2854 dirum
1162 2792 1280 2872 focinus

213 2895 230 2933 c
296 2871 527 2944 stimtiroromeo
542 2873 725 2942 divortunt·
747 2882 912 2934 uerostoos
925 2872 1035 2933 iubeto.
1177 2875 1205 2882 ”

271 2973 290 3012 n
305 2953 429 3014 Senecae
441 2951 508 3010 loco
523 2950 560 3011 de
574 2952 708 3012 Minerva
721 2895 820 3022 iisne,
829 2964 928 3012 mente
938 2962 1058 3010 nuncet
1070 2969 1159 3009 manu
1168 2949 1280 3027 ample·

214 3042 281 3092 otor
294 3031 469 3092 sententiam
483 3031 551 3090 Jani
565 3031 623 3090 mei
634 3030 741 3104 Grotii,
752 3030 937 3091 amoenissimi
948 3042 979 3088 et
986 3028 1146 3089 acutissimi
1154 3027 1222 3097 viri,
1231 3046 1281 3086 re·

201 3111 363 3188 ponentis,
378 3109 537 3172 Mineruam
550 3109 699 3170 Musicani.
741 3112 824 3170 Inter
838 3106 1088 3172 nobiles.Athenis
1100 3117 1211 3166 statum
1224 3105 1281 3165 fuit

213 3189 351 3250 Minerva
364 3189 422 3250 hoc
436 3201 650 3268 cognomento3
668 3189 815 3259 uindicta,
829 3191 958 3269 quonium
967 3189 1103 3248 dracones
1112 3186 1281 3265 inungue

214 3271 274 3348 ejus
285 3269 324 3328 od
334 3270 403 3328 ictus
416 3266 531 3328 cutura
545 3267 647 3326 tinnitu
661 3279 797 3330 resonant.
840 3267 949 3328 Plinius
963 3272 1013 3339 34,
1027 3277 1057 3328 8.
1073 3268 1136 3340 (19,
1154 3269 1212 3341 15.)

722 3467 766 3551 β.

677 3625 767 3686 ose.
789 3587 825 3680 Χ

260 3785 326 3850 Nnc
336 3785 386 3844 viri
399 3785 492 3843 solum
502 3785 537 3842 ad
547 3783 758 3844 'Sacerdotium
774 3781 913 3860 adscripti
923 3781 1019 3858 magni
1030 3777 1207 3858 hujus'Divi,
1218 3777 1280 3847 sed,

213 3863 606 3941 quadridenmus,feminae;
621 3863 695 3920 adeo
711 3862 836 3937 projecti
851 3861 880 3917 in
889 3860 1087 3918 adulationem
1097 3871 1168 3916 tunc
1177 3875 1282 3914 mores.

219 3942 351 4002 Marmor
368 3942 562 4022 (apud-Grac.
576 3963 605 4020 p.
620 3943 687 4008 320,
703 3935 782 4018 rui:
799 3959 824 3997 n.
837 3948 1029 3997 rosrvnrran.
1041 3957 1067 3995 n.
1078 3958 1105 3997 r.
1117 3953 1281 3994 ravenae.

219 4019 356 4080 sucina.
366 4042 396 4079 n.
407 4039 628 4082 rvnr.avcvsr.
649 4021 725 4076 Item
733 4019 763 4075 in
773 4016 922 4096 Hispaniis
934 4018 989 4097 (ib.
1000 4039 1028 4096 p.
1041 4021 1106 4085 101,
1116 4015 1162 4091 3.)
1171 4036 1178 4071 z
1188 4029 1282 4070 nvcn.

242 4179 264 4211 '¹¹
277 4179 379 4228 Graeculi
387 4183 475 4242 jocum,
488 4195 558 4245 quern
570 4181 647 4226 abesse
654 4176 746 4225 dolebat
758 4176 861 4240 Lipsius,
872 4191 886 4225 e
896 4184 970 4224 vetere
980 4176 1039 4224 libro
1049 4169 1281 4230 dedit'Govarruvias,

218 4257 274 4334 teate
285 4245 381 4319 Andreas
390 4244 492 4295 Schottu
527 4244 553 4292 Is
563 4245 596 4292 ita
605 4243 691 4318 habeta
707 4243 796 4304 Κύριι,ὄ
808 4241 861 4293 Zeis
870 4243 909 4293 τὴν
921 4242 1009 4316 μητέρα
1026 4256 1064 4286 σου
1078 4237 1172 4297 §spiam
1181 4235 1282 4297 ἄπροικον

219 4309 503 4438 ''xinsisiiiffli
509 4309 644 4420 iiidie
656 4305 1065 4432 iiiiimfflffi
1071 4365 1147 4416 vnum
1159 4362 1282 4414 nunna

44 4415 110 4462 1'·
219 4443 248 4492 ad
260 4439 434 4491 Pliniilocums
453 4437 547 4499 Lipsius
558 4435 640 4500 ipsein
652 4435 750 4484 alitione
761 4436 1004 4484 Senecmmmvocem
1015 4431 1099 4482 omisit.
1179 4471 1182 4477 .
1246 4452 1249 4457 ’
1340 4439 1370 4482 ’.

250 4505 267 4565 ss
282 4504 309 4550 P.
320 4499 455 4550 ciacconius
466 4499 500 4548 ita
509 4500 579 4563 legit:
597 4499 706 4546 'orsitus
719 4500 839 4553 καὶἈὲηιᾶ
850 4497 997 4559 τῷἈπονίῳ,
1008 4499 1055 4546 Res
1066 4504 1119 4546 tuat
1129 4497 1172 4543 iiiii
1179 4490 1245 4541 Μι.
