3034 4967
575 227 631 286 ΑΙ)
653 231 802 291 ANNAL.
825 229 898 290 [ΑΒ.
924 229 947 287 1.
1240 229 1294 290 107

236 413 264 452 n.
284 415 310 452 r.
325 413 482 454 cerrenus.
499 411 591 450 sunu.
609 415 697 456 cuer.
707 411 827 455 nouvs.
842 413 910 455 svo.
924 393 954 451 id
967 405 1021 462 est,
1034 392 1167 452 Lucretio
1177 389 1300 470 Infllta,
1332 462 1334 467 ¹

237 473 396 532 Flaminica
406 485 550 553 perpetua.
592 475 769 552 Exemplum
782 474 870 550 hujus
884 473 927 532 rei
941 492 959 531 n
973 473 1067 540 Livia,
1082 491 1149 549 qure
1161 469 1236 529 miro
1247 487 1300 527 ex-

240 552 346 629 eripio,
361 553 506 610 Sacerdos
526 549 570 608 sui
586 553 675 621 virili,
694 552 857 628 etquidem
871 571 909 610 ex
921 551 1044 610 decreto
1065 550 1201 608 Senatus.
1239 547 1300 607 llio

238 634 286 690 56.
301 641 452 690 extremo:
475 626 545 690 Τότε
560 625 588 691 δὲ
602 627 820 697 olosericorum
834 625 927 700 oriris,
942 628 988 690 sal
1001 628 1147 697 θιασώτας
1156 628 1179 687 οἱ
1188 626 1235 687 καὶ
1244 624 1303 710 isqui

237 709 286 768 nel
299 706 396 786 ἱέρειαν
408 708 457 786 τὴν
469 705 590 786 Διοοόοιν,
602 708 758 784 ἀπέδειξαν.
802 709 890 773 Quod
903 721 974 768 noto
988 727 1024 767 eo
1037 708 1187 774 lubentius,
1202 717 1236 764 ut
1248 706 1302 763 lux

238 788 306 846 inde
321 787 474 864 adfulgeat
488 789 674 848 tenebricoso
689 786 788 846 Ovidii
801 787 867 846 loco
880 785 930 846 De
937 788 1035 845 Ponto
1046 791 1075 856 4,
1090 795 1119 856 9,
1137 788 1201 844 105.
1241 785 1303 842 Noc

235 867 328 947 pietas
343 866 445 943 ignoto
459 885 521 924 mea
535 876 595 940 cst‚·
612 866 683 925 videt
695 865 809 944 hospite
820 864 902 926 tellus
911 867 947 924 Is
960 874 1055 924 nostro
1064 885 1171 924 summ
1179 863 1306 922 Crateris

239 965 297 1003 csse
310 944 401 1005 domo.
443 946 528 1003 Stant
543 947 655 1026 puriter
667 953 799 1023 omnaque
825 942 891 1015 '’us‚
907 948 1007 1024 corque
1027 955 1059 1002 ue
1082 943 1225 1012 Sacerdos,
1239 941 1305 1010 Ns·

187 1016 192 1027 ’
240 1024 483 1102 nrinejomsooto
497 1041 549 1082 ιιοιι
562 1023 668 1084 leviore
683 1023 752 1081 Deo.
795 964 889 1082 iiiito
897 1025 972 1104 pius,
987 963 1307 1098 'liberiusest;conjss

245 1101 393 1172 Sacerdos,
407 1101 500 1160 ltiria.
518 1151 521 1157 .
541 1103 619 1162 Puto
633 1102 672 1161 ad
691 1101 755 1160 bec
778 1102 960 1172 Sacerdotis,
973 1121 1040 1179 quoe
1057 1119 1125 1158 cum
1143 1099 1255 1158 ambitu
1275 1107 1306 1156 et

244 1191 362 1256 sumptu
376 1180 567 1239 adfectabant
581 1182 609 1239 in
624 1179 782 1258 provinciis
795 1180 913 1259 passim,
924 1179 1072 1259 pertinere
1082 1177 1195 1238 Arriani
1208 1178 1307 1235 locum

245 1261 420 1334 elegantem,
437 1259 474 1316 de
485 1259 667 1318 sermonibus
681 1257 810 1336 Epicteti
829 1264 913 1329 1,10.
933 1258 1054 1339 Σόμερόν
1063 1276 1104 1326 τις
1119 1257 1182 1337 ὑπὲρ
1195 1257 1308 1332 ἱερωσό-

245 1361 289 1414 νης
304 1337 399 1398 ἐλάλει
414 1359 459 1417 μοι
473 1337 522 1396 τοῦ
534 1337 704 1418 Αὐγούστου.
738 1337 824 1415 Λέγω
838 1338 928 1418 αότῷ,
945 1335 1084 1414 ἄνθρωπε,
1105 1332 1175 1413 ἄφες
1187 1333 1219 1393 τό
1232 1331 1310 1410 πρᾶ-

245 1437 319 1494 γμα.
336 1415 501 1490 δαπανήσεις
514 1414 612 1476 πολλοὶ
622 1419 660 1484 εἷς
671 1407 701 1474 ου’
705 1415 755 1476 δέν.
790 1422 871 1476 Ἀλλ’
886 1419 909 1475 oi
921 1415 974 1496 τρὶς
985 1415 1090 1490 φωνάς,
1101 1412 1180 1490 duel,
1189 1413 1311 1492 γράφον·

246 1505 318 1566 τε-ςτ
343 1493 483 1574 γρόψοοσι
507 1494 538 1553 τό
557 1495 621 1576 ἐμόν
643 1491 740 1572 ὄνομα.
781 1495 858 1570 Μήτι
880 1489 924 1554 oris
952 1492 988 1554 mi
1012 1500 1067 1561 οόΐς
1088 1491 1311 1571 ἀναγινώσκουσι
1390 1514 1392 1517 ·

248 1571 325 1652 λέγει
329 1597 341 1643 ς
356 1571 461 1653 noodr,
472 1574 543 1656 {Eue
554 1571 736 1654 γεγράφασιν
746 1597 753 1640 3
775 1574 797 1632 εἰ
808 1573 836 1632 δὲ
844 1572 893 1634 sal
901 1576 945 1633 νόν
957 1572 1072 1633 δύνασαι
1082 1575 1208 1665 esurires
1215 1569 1312 1640 voices,

248 1651 294 1711 inlr
306 1649 453 1720 ductatore,
466 1649 492 1710 tl
503 1656 640 1730 ποιήσειςς
655 1657 743 1712 Messi
753 1674 805 1732 μου
818 1649 849 1712 τό
862 1648 957 1731 ὄνομα.
969 1649 1083 1733 γράψον
1096 1647 1163 1709 avrti
1173 1651 1212 1720 εἷς
1223 1648 1303 1708 lidos

248 1729 392 1806 uniuersi.
414 1715 506 1808 ”Ἀγε’,
524 1729 579 1808 ἔξω
600 1731 627 1789 δὲ
641 1729 821 1799 Νικοπόλεως
839 1729 880 1800 τός
898 1751 947 1791 σου
965 1729 1065 1808 μνείας
1091 1727 1175 1788 emt
1192 1726 1311 1824 χρυσοῦν

252 1806 387 1886 στέφανον
402 1811 521 1888 φορήσω.
564 1810 600 1867 Ei
612 1807 690 1883 ἅπαξ
704 1809 844 1888 ἐπιθυμεῖς
858 1809 1005 1886 στοφοίνοο,
1022 1807 1120 1886 ῥόδινον
1135 1809 1231 1865 >reims
1240 1801 1316 1886 usqi·

250 1887 314 1953 dou,
325 1879 385 1953 όψει
394 1881 452 1962 γὰρ
460 1884 637 1962 κομψότερον.
657 1885 789 1962 Lepidus
800 1897 832 1943 et
842 1887 880 1944 ed
888 1886 1099 1963 Philosophum
1108 1883 1315 1960 dialogismus:

252 1963 360 2032 Hodie,
389 1963 493 2040 inquit,
519 1966 625 2022 locutus
645 1981 750 2021 mecum
773 1965 884 2040 quidam
907 1983 988 2044 super
1009 1963 1164 2021 sacerdotio
1185 1960 1318 2041 Aegwt‘i.

253 2043 332 2102 Dico
346 2041 382 2109 ei,
398 2041 446 2098 Mi
458 2040 548 2112 homo,
564 2037 870 2122 mitterem,sumptum
883 2042 1237 2120 multumsociesstustro.
1277 2041 1318 2098 As
1410 2081 1415 2090 ·

255 2120 357 2180 scribe
393 2117 487 2190 ublici,
508 2121 607 2200 inquit,
630 2123 784 2199 (corrupta
804 2121 860 2179 hac
880 2132 965 2199 perte
979 2120 1099 2196 Graeca)
1117 2136 1217 2178 nomen
1227 2136 1319 2177 οιοοιιοιι

254 2139 438 2258 οιίνιοόοόόιοί.
480 2199 559 2259 Num
580 2213 611 2258 tu
630 2198 725 2276 igitur
741 2197 900 2278 legentibus
912 2199 1038 2259 omnibus
1050 2219 1144 2258 coram
1163 2199 1250 2267 dices,
1264 2198 1321 2258 Me

254 2279 481 2355 inscripserunt?
500 2288 537 2348 et,
552 2292 584 2336 ut
596 2277 761 2354 tuoopossis
773 2277 871 2338 adesse
884 2278 1005 2337 omnibus
1017 2277 1179 2358 legentibus,
1193 2285 1320 2336 mortuus

214 2361 217 2367 '
257 2355 455 2436 quidfoeies?
475 2357 604 2417 Manebit
615 2373 704 2416 meum
715 2376 820 2417 nomen.
844 2357 969 2416 inscribe
978 2359 1072 2434 t'prsum'
1081 2356 1182 2436 lapidi,
1191 2365 1320 2417 amene-

258 2434 308 2494 bs‘t.
348 2434 426 2512 Age,
439 2445 525 2494 estro
538 2435 700 2514 Nicopolim
715 2448 807 2494 autem
821 2455 884 2526 quur
895 2437 1027 2494 rrremors'o
1040 2439 1107 2493 tui?
1137 2439 1177 2493 At
1190 2453 1322 2501 coronate

142 2539 150 2554 ·
257 2529 368 2570 oeream
380 2513 495 2590 gestabo
511 2517 584 2592 (qua
604 2513 719 2573 scilicet
740 2524 835 2572 ornstr
855 2513 1043 2584 Sacerdotes,
1056 2513 1127 2571 dum
1145 2513 1268 2582 faciunt,
1281 2524 1322 2570 ex

255 2589 351 2658 Livio,
367 2589 537 2662 Plutarcho,
552 2593 642 2669 aliis).
684 2595 717 2652 Si
725 2612 858 2670 prorsum
872 2614 889 2650 a
906 2596 981 2670 petis
993 2612 1138 2663 coronam,
1152 2611 1260 2652 roseam
1273 2591 1320 2652 in·

258 2670 341 2727 dutus
351 2669 467 2729 οἰνοοιοιιὶ
475 2695 488 2740 ,·
510 2672 644 2751 adspectu
657 2671 732 2732 enim,
743 2671 776 2730 id
778 2671 851 2749 juon
890 2673 941 2730 ius.

783 2885 821 2942 n.

696 3040 785 3099 cnr.
811 3039 894 3129 xiv.

305 3194 433 3254 Persius
449 3193 560 3254 Praetor
576 3195 677 3254 Romae
695 3194 847 3253 institutus
867 3213 894 3254 a.
915 3214 945 3251 u.
965 3199 1033 3256 388.
1057 3194 1158 3252 Furius
1176 3195 1317 3256 Camillus

266 3273 367 3332 Livius
381 3277 409 3343 7,
425 3277 448 3331 1.
464 3282 494 3329 et
508 3272 611 3330 Suidas
625 3273 654 3330 in
668 3291 742 3346 voce
757 3272 900 3354 Προίτιορ.
939 3273 1069 3332 Additus
1077 3274 1151 3332 alter
1159 3295 1186 3334 ο.
1201 3279 1269 3335 510.
1280 3291 1327 3334 cur

266 3371 429 3431 cognomen
444 3350 546 3409 datum
561 3351 721 3428 Peregrini,
737 3353 819 3430 quod
837 3353 1012 3431 plerumque
1027 3352 1104 3411 inter
1124 3353 1202 3414 cives
1222 3357 1270 3432 jus
1284 3355 1329 3413 di-

269 3443 351 3490 ceret
364 3442 395 3490 et
407 3430 590 3508 peregrinos,
601 3430 738 3510 Epitoma
751 3430 827 3488 Livii
844 3436 890 3494 19.
930 3430 1035 3491 Additi
1050 3431 1109 3490 duo
1123 3433 1329 3493 olitanam.

269 3509 369 3568 Sicilia
381 3520 413 3568 et
428 3508 561 3568 Sardinia
580 3509 611 3566 in
624 3508 804 3586 provinciam
817 3509 955 3581 redactis,
969 3511 1019 3589 qui
1039 3510 1110 3570 illuc
1124 3532 1192 3572 cum
1206 3511 1329 3591 imperio

265 3589 463 3662 mitterentur,
483 3587 620 3666 Epitoma
640 3591 688 3647 20.
728 3587 840 3646 Iterum
855 3589 925 3658 duo,
944 3590 1028 3649 victis
1044 3589 1205 3668 Hispaniis,
1222 3608 1248 3648 a.
1261 3585 1331 3655 557.

269 3671 316 3728 lta
329 3668 358 3724 in
372 3666 538 3730 universum
553 3667 590 3726 ad
609 3667 641 3726 id
660 3679 776 3746 ternpus
791 3668 936 3729 Praetores
949 3689 1022 3738 sex;
1043 3670 1180 3748 equibus
1194 3668 1254 3726 duo
1271 3668 1330 3746 juri

269 3745 396 3804 diceudo
410 3757 563 3822 praeerant,
576 3745 681 3824 reliqui
701 3745 731 3804 in
744 3746 910 3824 provincias
929 3749 1120 3807 mittebantur
1134 3749 1330 3826 expertesju-

271 3823 422 3884 diciorum.
462 3823 498 3882 Id
516 3824 632 3896 mansit,
646 3825 741 3883 donec
756 3825 933 3903 questiones
947 3838 1097 3906 perpetue
1111 3825 1290 3897 constitutae,
1304 3846 1331 3885 s.

272 3907 339 3964 605.
360 3903 395 3962 L.
409 3903 582 3974 Censorino,
596 3905 639 3964 M..
657 3903 780 3962 Manilio
798 3924 880 3964 coss.
920 3906 1113 3983 Patribusque
1134 3915 1206 3964 tunc
1226 3905 1332 3977 vnum,

271 3993 304 4040 ut
318 3982 347 4039 in
362 3993 458 4040 toturn
478 3981 671 4058 Magistratus
685 3981 731 4040 sui
744 4002 853 4042 annum
867 3985 1010 4046 Praetores
1023 3989 1054 4040 in
1065 3983 1146 4044 urbe
1159 3996 1332 4053 manerent5

270 4081 287 4119 e
301 4061 406 4139 quibus
422 4059 490 4132 duo,
505 4079 586 4119 more
599 4061 706 4151 prisco,
717 4063 767 4138 jus
780 4061 912 4122 dicerent
923 4089 932 4132 ;
953 4061 1056 4140 reliqui
1069 4074 1195 4140 quatuor
1208 4063 1334 4143 publicis

266 4139 386 4217 judiciis
399 4150 576 4218 praeessent:
590 4139 681 4198 iidem
695 4159 807 4211 ornnes,
820 4153 927 4202 exacto
936 4161 1022 4210 anno,
1031 4154 1112 4200 sorte
1125 4142 1155 4201 in
1168 4140 1335 4222 provincias

270 4219 425 4278 Praetorias
449 4218 642 4278 mitterentur.
684 4219 838 4278 Cornelius
859 4220 966 4279 deinde
990 4219 1071 4280 Sulla
1093 4221 1232 4282 Dictator
1245 4219 1336 4280 'auxit

272 4297 466 4374 questionum
487 4297 672 4374 publicarum
693 4317 858 4368 numerum,
882 4297 1050 4377 pariterque
1074 4302 1257 4368 Pr'oetorum3
1276 4315 1337 4358 non

304 4459 318 4491 ⁴
331 4461 401 4510 Adde
413 4461 495 4510 velleii
506 4449 583 4511 locuni
594 4461 649 4510 huic
659 4420 699 4521 iel,
712 4479 782 4526 quern
794 4464 881 4511 correxi
892 4464 922 4512 ud
934 4465 1020 4512 nunu.
1034 4468 1072 4526 13,
1084 4471 1107 4514 2.

304 4527 321 4586 †
332 4525 524 4590 Schweitheuser
530 4537 583 4590 post
590 4527 750 4576 Cesaubonum
758 4527 898 4576 emendavit:
910 4528 973 4592 legit,
982 4530 1010 4576 τὰ
1019 4531 1129 4593 σύμφωνοι,
1139 4528 1202 4589 quel,
1212 4526 1338 4590 γράφοντος.
